1585180818.434,6699.0,0.09,Buy
1585180818.6328,6700.0,0.002,Buy
1585180818.6328,6700.0,0.001,Buy
1585180818.6328,6700.0,0.009,Buy
1585180818.6389,6699.0,0.009,Sell
1585180826.0476,6744.0,0.053,Buy
1585180826.0532,6744.0,0.037,Buy
1585180826.0532,6744.0,2.563,Buy
1585180826.0533,6744.0,0.09,Buy
1585181070.5349,6727.0,0.047,Buy
1585181103.0119,6728.0,0.056,Sell
1585181187.5601,6722.5,0.01,Sell
1585181302.5427,6716.0,0.082,Sell
1585181302.5691,6716.0,0.082,Sell
1585181302.6119,6716.0,0.036,Sell
1585181303.8628,6708.0,0.082,Buy
1585181303.8873,6708.0,0.082,Buy
1585181304.126,6708.5,0.082,Buy
1585181304.5538,6709.0,0.082,Buy
1585181304.6127,6709.0,0.082,Buy
1585181304.6481,6709.0,0.082,Buy
1585181304.6828,6709.5,0.082,Buy
1585181349.4061,6715.0,0.08,Buy
1585181350.8175,6716.5,0.001,Sell
1585181362.7613,6714.5,0.082,Sell
1585181362.8185,6714.5,0.082,Sell
1585181362.9653,6714.5,0.082,Sell
1585181363.1219,6714.5,0.082,Sell
1585181363.3437,6714.5,0.082,Sell
1585181363.3785,6714.5,0.082,Sell
1585181363.9246,6714.5,0.082,Sell
1585181363.9796,6714.5,0.082,Sell
1585181364.1602,6715.5,0.082,Buy
1585181364.2968,6715.5,0.082,Buy
1585181364.348,6715.5,0.082,Buy
1585181364.5594,6716.5,0.082,Buy
1585181364.6349,6716.5,0.082,Buy
1585181364.7533,6715.5,0.082,Buy
1585181364.8068,6716.0,0.082,Buy
1585181481.9246,6715.5,0.082,Sell
1585181481.9717,6715.5,0.082,Sell
1585181482.3067,6715.5,0.082,Sell
1585181482.344,6715.5,0.082,Sell
1585181482.3894,6715.5,0.082,Sell
1585181504.4921,6717.0,0.082,Buy
1585181504.5545,6717.0,0.082,Buy
1585181504.7138,6717.0,0.036,Buy
1585181504.7521,6722.0,0.08,Sell
1585181505.8281,6724.5,0.082,Buy
1585181540.5625,6721.5,0.08,Buy
1585181541.6317,6720.0,0.08,Sell
1585181550.0909,6722.0,0.08,Sell
1585181550.4963,6722.0,0.08,Sell
1585181570.7295,6728.5,0.16,Buy
1585181571.0505,6728.5,0.16,Buy
1585181664.7982,6732.5,0.052,Sell
1585181834.8328,6727.0,0.2,Buy
1585181884.0257,6743.0,0.158,Buy
1585181892.7027,6743.5,0.039,Sell
1585181945.6329,6750.0,0.002,Buy
1585181963.1569,6765.0,0.039,Buy
1585181963.162,6765.0,0.13,Buy
1585181996.0328,6759.0,0.2,Sell
1585182153.8327,6760.0,0.1,Buy
1585182153.8327,6760.0,0.2,Buy
1585182153.8327,6760.0,0.2,Buy
1585182197.6698,6767.0,0.1,Sell
1585182305.4071,6764.0,0.056,Sell
1585182335.2528,6760.5,0.001,Sell
1585182425.1227,6762.0,0.494,Buy
1585182425.1227,6760.5,0.006,Buy
1585182553.6328,6754.0,0.2,Sell
1585182557.7342,6742.5,0.5,Sell
1585182557.9184,6743.0,0.5,Sell
1585182632.2329,6743.0,0.5,Sell
1585182663.1577,6725.0,0.2,Sell
1585182663.1577,6721.0,3.205,Sell
1585182663.163,6721.0,0.16,Sell
1585182784.393,6724.0,0.08,Buy
1585182785.734,6724.0,0.12,Buy
1585182786.2495,6736.0,0.08,Buy
1585182918.4509,6725.0,0.001,Sell
1585182943.2467,6722.0,0.082,Sell
1585182944.1767,6722.0,0.082,Sell
1585182944.3986,6722.0,0.036,Sell
1585182950.3517,6718.5,0.16,Sell
1585182953.1467,6715.0,0.039,Sell
1585182976.613,6716.5,0.01,Buy
1585182978.5437,6717.0,0.01,Sell
1585183000.2585,6723.5,0.01,Buy
1585183000.531,6723.5,0.01,Buy
1585183067.322,6720.0,0.006,Sell
1585183067.322,6715.0,4.994,Sell
1585183067.3277,6715.0,0.02,Sell
1585183168.3205,6725.0,0.01,Buy
1585183171.7001,6723.5,0.01,Sell
1585183205.7848,6719.0,0.01,Sell
1585183206.0868,6719.0,0.01,Sell
1585183219.8354,6724.5,0.001,Sell
1585183224.9848,6726.0,0.001,Sell
1585183225.9527,6728.0,0.001,Sell
1585183226.7123,6726.0,0.001,Sell
1585183227.4797,6726.5,0.001,Sell
1585183228.1228,6725.0,0.001,Sell
1585183234.4764,6728.0,0.01,Buy
1585183269.0246,6730.0,0.082,Buy
1585183282.4464,6734.5,0.02,Buy
1585183282.7241,6737.5,0.02,Buy
1585183367.4695,6730.0,0.03,Sell
1585183386.6747,6726.5,2.872,Sell
1585183386.6747,6730.0,0.02,Sell
1585183386.6747,6727.0,2.108,Sell
1585183485.38,6733.0,0.01,Buy
1585183486.2381,6731.0,0.004,Sell
1585183486.2381,6732.0,0.006,Sell
1585183512.4563,6726.5,0.01,Sell
1585183512.7515,6726.5,0.01,Sell
1585183582.074,6723.5,0.036,Buy
1585183597.0223,6723.5,0.082,Buy
1585183601.2311,6723.5,0.082,Buy
1585183602.4443,6723.5,0.082,Buy
1585183602.5328,6723.5,0.377,Buy
1585183602.6328,6723.5,0.247,Buy
1585183602.7327,6723.5,0.094,Buy
1585183603.1161,6734.0,0.082,Sell
1585183669.9116,6721.0,0.082,Sell
1585183767.9674,6721.0,0.082,Sell
1585183768.1257,6721.0,0.082,Sell
1585183772.0014,6721.0,0.082,Sell
1585183772.0303,6721.0,0.082,Sell
1585183806.6327,6721.0,0.1,Sell
1585183806.7328,6721.0,0.49,Sell
1585183822.3694,6719.0,0.082,Buy
1585184079.5142,6733.0,0.082,Buy
1585184079.5382,6733.0,0.082,Buy
1585184107.3646,6733.0,0.082,Buy
1585184121.233,6733.0,0.004,Buy
1585184143.3067,6738.5,0.082,Sell
1585184670.041,6729.0,0.082,Buy
1585184718.2782,6727.0,0.082,Sell
1585184784.2947,6727.0,0.082,Sell
1585184784.3191,6727.0,0.036,Sell
1585184847.0336,6716.0,0.001,Sell
1585184873.5952,6722.0,0.001,Sell
1585184888.1261,6717.0,0.001,Sell
1585184900.2867,6714.5,0.001,Sell
1585184960.2503,6712.0,0.01,Sell
1585185003.0063,6713.0,0.04,Buy
1585185008.3176,6712.0,0.082,Sell
1585185008.8927,6712.0,0.074,Sell
1585185008.8927,6712.0,0.008,Sell
1585185008.9327,6712.0,0.326,Sell
1585185009.1567,6701.0,0.082,Buy
1585185029.2181,6702.5,0.082,Buy
1585185097.3727,6715.0,0.082,Buy
1585185224.2951,6701.0,1.661,Buy
1585185224.2951,6701.0,3.249,Buy
1585185224.2951,6700.5,3.377,Buy
1585185224.2951,6701.0,1.713,Buy
1585185308.2902,6690.0,0.082,Sell
1585185309.3143,6690.0,0.082,Sell
1585185309.3389,6690.0,0.082,Sell
1585185331.7763,6690.5,0.02,Buy
1585185331.8541,6691.0,0.082,Buy
1585185345.15,6691.5,1.068,Buy
1585185345.15,6691.0,3.932,Buy
1585185492.8081,6706.5,0.205,Buy
1585185504.8327,6704.5,0.2,Sell
1585185535.7385,6692.0,5.0,Buy
1585185614.6606,6698.5,5.0,Buy
1585185755.0105,6697.0,0.027,Sell
1585185756.0328,6695.0,0.1,Sell
1585185756.1328,6695.0,0.1,Sell
1585185778.8442,6690.0,0.008,Sell
1585185778.8442,6691.0,0.01,Sell
1585185798.1329,6690.0,0.007,Sell
1585185813.7946,6675.0,0.082,Buy
1585185874.6635,6679.0,0.01,Buy
1585185878.3889,6677.0,2.647,Sell
1585185878.3889,6677.0,2.561,Sell
1585185881.6245,6680.0,0.02,Buy
1585185934.4742,6682.0,6.994,Buy
1585185934.4742,6682.5,3.006,Buy
1585185962.4507,6677.0,1.879,Buy
1585185962.4507,6676.5,8.121,Buy
1585185977.5988,6675.0,0.01,Sell
1585186033.2543,6689.0,0.018,Buy
1585186114.8133,6687.0,0.2,Sell
1585186114.8133,6686.0,0.8,Sell
1585186143.4445,6689.0,0.01,Buy
1585186143.4445,6689.0,0.072,Buy
1585186143.468,6689.0,0.082,Buy
1585186146.0178,6689.0,0.046,Buy
1585186148.1309,6698.0,0.028,Buy
1585186148.1362,6698.0,0.172,Buy
1585186148.1362,6698.0,4.42,Buy
1585186148.1362,6698.0,0.616,Buy
1585186186.9834,6694.0,0.025,Buy
1585186261.8541,6704.0,0.026,Buy
1585186319.7531,6707.0,0.01,Buy
1585186510.1715,6697.5,2.031,Sell
1585186510.1715,6697.5,0.515,Sell
1585186510.1715,6697.5,0.938,Sell
1585186510.1715,6698.0,1.42,Sell
1585186510.1715,6698.0,0.559,Sell
1585186510.1715,6698.0,1.238,Sell
1585186510.1715,6698.0,1.766,Sell
1585186510.1715,6698.5,3.816,Sell
1585186510.1715,6698.5,1.842,Sell
1585186510.1715,6697.5,1.545,Sell
1585186510.1715,6698.0,0.868,Sell
1585186510.1715,6696.5,0.706,Sell
1585186510.1715,6697.0,1.466,Sell
1585186510.1715,6697.0,1.29,Sell
1585186577.8098,6702.0,0.5,Buy
1585186598.6973,6696.5,0.01,Sell
1585186645.8024,6705.0,0.001,Buy
1585186645.8024,6705.0,0.029,Buy
1585186763.1012,6706.0,0.5,Sell
1585186848.6706,6702.5,0.009,Buy
1585186862.7931,6695.5,0.09,Sell
1585186915.6741,6706.5,0.215,Sell
1585186918.9833,6707.0,0.047,Buy
1585187094.7059,6707.0,0.082,Buy
1585187094.7606,6707.0,0.061,Buy
1585187096.4119,6715.0,0.1,Buy
1585187134.0077,6714.5,0.082,Sell
1585187209.2131,6705.5,0.077,Sell
1585187570.1263,6690.0,0.082,Sell
1585187835.1807,6688.0,0.003,Sell
1585188235.5958,6698.0,0.009,Buy
1585188430.2768,6682.5,0.027,Sell
1585188710.789,6660.5,0.009,Sell
1585188853.167,6663.5,0.01,Sell
1585188867.0039,6662.5,0.046,Sell
1585188882.3457,6667.0,0.046,Buy
1585188956.3077,6663.5,0.01,Sell
1585188980.8424,6663.5,0.008,Sell
1585188982.1838,6664.5,0.006,Sell
1585189089.767,6665.0,0.082,Buy
1585189094.2327,6665.0,0.318,Buy
1585189108.3415,6675.5,0.03,Buy
1585189109.8597,6675.5,0.014,Buy
1585189139.6284,6675.5,0.046,Buy
1585189151.0183,6673.0,0.082,Sell
1585189248.283,6662.0,0.044,Sell
1585189378.5986,6679.0,0.494,Sell
1585189396.4178,6677.5,0.015,Buy
1585189447.7844,6673.0,0.015,Sell
1585189530.5842,6669.0,0.046,Sell
1585189531.1256,6669.0,0.046,Sell
1585189653.8357,6665.0,0.015,Sell
1585189656.2829,6664.5,0.009,Sell
1585189671.1974,6663.0,0.1,Sell
1585189780.5631,6662.0,0.082,Sell
1585189780.6035,6662.0,0.082,Sell
1585189780.6432,6662.0,0.082,Sell
1585189781.9325,6662.0,0.11,Sell
1585189781.9325,6662.0,0.027,Sell
1585189781.9325,6662.0,0.4,Sell
1585189800.9879,6655.0,0.19,Sell
1585189800.9879,6655.0,0.071,Sell
1585189832.818,6665.5,0.09,Buy
1585189857.9978,6665.0,0.01,Sell
1585189883.9865,6663.0,0.044,Buy
1585189957.8527,6668.0,0.082,Buy
1585189957.875,6668.0,0.082,Buy
1585189958.9988,6668.0,0.082,Buy
1585189963.1927,6668.0,0.082,Buy
1585189977.3332,6668.0,0.072,Buy
1585189996.008,6677.5,0.024,Buy
1585190138.1329,6680.0,0.027,Buy
1585190138.1329,6680.0,0.007,Buy
1585190928.4678,6689.0,0.003,Buy
1585191027.0282,6694.0,0.2,Sell
1585191617.7916,6681.0,0.02,Sell
1585191992.4017,6681.0,0.066,Buy
1585192002.4766,6680.0,0.082,Sell
1585192005.5418,6677.0,1.0,Sell
1585192017.6895,6678.5,0.044,Sell
1585192151.3128,6685.0,0.044,Sell
1585192154.1818,6687.5,0.001,Buy
1585192297.6764,6674.0,0.001,Sell
1585192325.3906,6674.0,0.182,Sell
1585192327.3994,6673.0,0.064,Buy
1585192328.4032,6673.5,0.098,Buy
1585192335.3861,6675.0,0.675,Sell
1585192337.3948,6674.0,0.542,Buy
1585192338.3986,6674.0,0.291,Sell
1585192345.3855,6673.5,0.834,Sell
1585192346.3872,6673.5,2.968,Sell
1585192347.392,6673.5,0.25,Buy
1585192348.3936,6673.5,0.819,Buy
1585192385.3834,6673.5,0.121,Sell
1585192386.3851,6673.5,0.835,Buy
1585192387.3879,6673.5,0.284,Buy
1585192398.3893,6672.5,0.114,Buy
1585192405.3833,6671.5,0.918,Sell
1585192406.385,6671.5,0.063,Sell
1585192407.3877,6671.5,4.506,Buy
1585192426.3854,6671.5,0.991,Sell
1585192428.3897,6671.5,2.148,Buy
1585192435.3835,6671.5,1.535,Sell
1585192436.3852,6671.5,0.464,Sell
1585192437.3878,6671.5,0.45,Sell
1585192438.3896,6671.5,0.037,Buy
1585192445.3843,6671.5,0.021,Sell
1585192446.3859,6671.5,0.798,Sell
1585192455.3834,6671.5,2.13,Buy
1585192465.4823,6671.0,0.082,Sell
1585192477.3883,6667.5,0.941,Sell
1585192478.39,6667.5,4.042,Buy
1585192485.3833,6667.5,0.998,Sell
1585192486.385,6668.0,0.163,Sell
1585192487.3878,6668.5,0.956,Sell
1585192488.3896,6669.0,4.934,Buy
1585192495.3833,6671.5,0.681,Sell
1585192496.385,6670.0,0.583,Sell
1585192505.3834,6673.0,0.194,Buy
1585192506.3851,6673.0,0.161,Sell
1585192507.388,6672.0,0.705,Sell
1585192508.3897,6672.0,0.507,Buy
1585192515.3841,6672.0,0.78,Sell
1585192515.9303,6671.5,0.05,Sell
1585192516.3858,6672.5,4.972,Buy
1585192517.3887,6671.5,0.558,Sell
1585192518.3903,6671.5,0.945,Buy
1585192526.3857,6673.5,0.119,Sell
1585192527.3885,6673.5,4.964,Sell
1585192535.3835,6673.5,0.073,Sell
1585192536.3853,6673.5,0.278,Sell
1585192546.3856,6673.5,0.067,Sell
1585192547.3885,6673.5,0.151,Sell
1585192555.3833,6673.5,0.685,Sell
1585192556.385,6673.5,0.35,Sell
1585192566.3859,6673.5,0.999,Sell
1585192567.3887,6673.5,0.774,Sell
1585192568.3903,6673.5,0.165,Sell
1585192575.3834,6672.0,0.677,Sell
1585192576.385,6672.5,0.395,Sell
1585192577.3878,6672.5,1.428,Sell
1585192578.3895,6672.0,0.652,Buy
1585192585.3835,6672.0,0.732,Sell
1585192586.3851,6673.0,1.509,Sell
1585192587.3878,6673.0,0.471,Sell
1585192588.3895,6673.0,0.306,Sell
1585192595.3835,6671.5,0.177,Sell
1585192596.3851,6671.5,0.696,Sell
1585192598.3896,6673.0,0.117,Buy
1585192605.3841,6673.0,0.681,Buy
1585192606.3857,6673.5,0.547,Sell
1585192607.3886,6673.5,0.905,Sell
1585192615.3836,6673.5,0.39,Sell
1585192615.8823,6674.0,0.082,Buy
1585192616.3852,6677.0,0.735,Sell
1585192617.3881,6677.5,0.359,Sell
1585192618.3898,6677.5,0.194,Buy
1585192625.3833,6676.0,0.987,Sell
1585192626.385,6677.5,4.905,Sell
1585192627.3877,6677.0,0.582,Sell
1585192628.3894,6677.0,0.358,Buy
1585192635.3834,6677.5,0.448,Buy
1585192637.3878,6681.5,0.933,Sell
1585192638.3895,6681.5,0.65,Sell
1585192645.3848,6681.0,0.944,Buy
1585192646.3865,6681.0,0.898,Sell
1585192647.3891,6681.0,3.746,Sell
1585192648.3908,6681.0,0.305,Buy
1585192655.3834,6678.0,0.928,Buy
1585192656.385,6679.5,0.941,Sell
1585192657.3878,6679.5,0.25,Sell
1585192658.3895,6680.0,1.562,Sell
1585192665.3834,6678.5,0.253,Buy
1585192666.3851,6678.5,0.778,Sell
1585192667.3879,6679.0,0.079,Sell
1585192668.3896,6680.0,0.798,Buy
1585192675.3833,6680.0,0.369,Sell
1585192676.385,6682.0,0.458,Sell
1585192677.3878,6679.5,4.25,Sell
1585192678.3894,6679.5,2.451,Sell
1585192685.3834,6681.0,0.452,Buy
1585192686.3851,6682.0,2.592,Buy
1585192687.388,6681.5,0.778,Sell
1585192688.3897,6681.0,4.613,Buy
1585192695.3842,6681.0,0.853,Buy
1585192696.3858,6682.0,0.17,Sell
1585192697.3885,6681.5,0.525,Sell
1585192698.3901,6681.5,0.722,Sell
1585192705.3833,6682.5,0.605,Buy
1585192706.385,6682.5,0.485,Buy
1585192707.3878,6682.5,0.313,Sell
1585192708.3895,6682.5,0.553,Buy
1585192715.3841,6681.5,2.791,Buy
1585192716.3859,6680.5,1.813,Buy
1585192717.389,6680.0,1.352,Sell
1585192718.3906,6680.0,0.365,Sell
1585192725.3841,6680.0,0.041,Buy
1585192726.3859,6680.0,0.705,Buy
1585192727.3886,6680.5,0.12,Sell
1585192728.3903,6680.5,0.668,Sell
1585192735.384,6682.0,0.173,Buy
1585192736.3858,6682.0,0.832,Sell
1585192737.3887,6682.5,0.493,Sell
1585192746.3852,6682.5,0.755,Sell
1585192747.3879,6682.5,0.257,Sell
1585192748.3896,6682.5,0.686,Sell
1585192748.3896,6682.5,0.257,Sell
1585192757.3877,6682.5,0.456,Sell
1585192758.3894,6682.5,0.819,Sell
1585192762.3824,6683.0,0.001,Buy
1585192765.3833,6687.0,0.396,Buy
1585192766.385,6687.0,2.562,Buy
1585192767.3877,6688.5,0.203,Buy
1585192768.3894,6688.5,0.681,Sell
1585192775.384,6690.5,2.36,Buy
1585192776.3857,6691.5,0.847,Buy
1585192777.3885,6691.5,0.709,Sell
1585192778.3902,6691.0,0.647,Sell
1585192785.3833,6692.5,0.17,Buy
1585192786.385,6693.5,0.924,Buy
1585192787.3878,6693.5,0.436,Buy
1585192788.3895,6693.5,0.941,Sell
1585192828.0105,6691.5,0.025,Sell
1585192851.2041,6689.0,0.724,Buy
1585192852.2079,6690.0,0.26,Sell
1585192853.2128,6690.0,0.005,Sell
1585192854.2166,6689.5,1.47,Sell
1585192912.1906,6689.5,0.19,Sell
1585192913.1955,6689.5,0.325,Sell
1585192914.1993,6688.5,0.1,Sell
1585192971.1867,6686.0,0.5,Buy
1585192972.1884,6686.0,0.511,Buy
1585192973.1934,6685.5,0.364,Sell
1585192974.1951,6686.0,0.827,Sell
1585192979.4299,6687.0,0.001,Buy
1585193026.2598,6687.0,0.001,Sell
1585193031.1848,6689.0,3.781,Buy
1585193033.1892,6689.0,0.674,Sell
1585193034.1909,6688.5,0.375,Sell
1585193091.1847,6687.5,0.014,Sell
1585193091.8666,6687.0,0.01,Sell
1585193094.1908,6682.5,0.725,Sell
1585193107.9903,6686.0,0.01,Sell
1585193111.5077,6684.5,0.01,Buy
1585193153.1892,6682.5,0.006,Buy
1585193154.1908,6682.5,0.524,Sell
1585193211.1847,6688.0,0.009,Sell
1585193212.1863,6688.0,0.739,Sell
1585193213.1891,6688.0,3.551,Buy
1585193214.1908,6688.5,0.173,Sell
1585193271.1847,6692.5,0.809,Buy
1585193272.1864,6691.0,0.648,Sell
1585193273.1892,6691.5,0.396,Sell
1585193274.191,6691.0,0.681,Buy
1585193314.2007,6690.5,0.005,Buy
1585193331.1846,6694.0,0.648,Sell
1585193332.1863,6692.5,0.771,Buy
1585193333.189,6692.5,0.091,Buy
1585193334.1907,6692.5,0.478,Buy
1585193391.1847,6683.0,0.296,Buy
1585193392.1864,6686.0,0.457,Sell
1585193393.1891,6686.0,0.492,Buy
1585193394.1908,6685.0,0.446,Buy
1585193416.7245,6691.0,0.371,Buy
1585193451.1854,6689.5,0.134,Buy
1585193452.1871,6689.5,0.315,Sell
1585193453.1899,6690.0,0.872,Sell
1585193454.1916,6690.0,0.828,Sell
1585193476.7673,6688.0,0.006,Sell
1585193487.4632,6690.5,0.005,Sell
1585193488.6866,6691.0,0.006,Buy
1585193511.1847,6687.0,0.324,Sell
1585193512.1865,6687.0,0.347,Sell
1585193513.1891,6687.0,0.516,Buy
1585193514.1908,6687.5,0.062,Buy
1585193571.1846,6687.0,0.64,Sell
1585193572.1863,6687.0,0.305,Sell
1585193573.1891,6686.5,0.508,Sell
1585193600.9838,6687.5,0.068,Buy
1585193632.1867,6714.5,0.187,Sell
1585193632.1922,6715.0,0.068,Buy
1585193632.3906,6714.5,0.025,Sell
1585193633.1894,6710.0,1.43,Buy
1585193634.191,6708.0,0.424,Sell
1585193685.1839,6715.0,0.15,Buy
1585193691.7839,6729.0,0.118,Buy
1585193691.79,6734.0,0.25,Buy
1585193691.8859,6736.5,1.0,Buy
1585193692.1433,6738.0,0.001,Buy
1585193692.1865,6737.0,0.072,Sell
1585193693.1892,6737.0,3.568,Sell
1585193694.1908,6737.5,0.916,Sell
1585193710.4838,6730.0,0.1,Sell
1585193752.188,6721.0,0.49,Buy
1585193753.1906,6720.0,4.151,Sell
1585193754.1923,6721.0,0.779,Sell
1585193759.1575,6724.5,1.0,Sell
1585193774.9187,6730.0,0.011,Sell
1585193776.1377,6729.5,0.007,Sell
1585193811.1849,6730.5,0.616,Sell
1585193812.1866,6731.0,0.619,Buy
1585193813.1895,6730.5,0.313,Sell
1585193814.1912,6730.5,0.575,Buy
1585193825.5117,6730.0,0.025,Sell
1585193849.8136,6722.0,3.128,Sell
1585193849.8136,6722.0,2.392,Sell
1585193849.8136,6722.0,1.714,Sell
1585193849.8136,6721.5,1.773,Sell
1585193849.8136,6721.5,5.993,Sell
1585193864.0232,6725.5,0.1,Sell
1585193871.1849,6725.0,2.567,Sell
1585193872.1866,6725.0,0.487,Sell
1585193873.1895,6724.0,0.004,Buy
1585193874.1912,6724.5,0.23,Sell
1585193931.1847,6724.5,0.041,Buy
1585193932.1864,6722.5,0.362,Buy
1585193933.189,6722.5,0.01,Buy
1585193934.1907,6720.5,0.918,Buy
1585193963.5815,6721.5,0.003,Sell
1585193991.1848,6722.0,0.719,Sell
1585193992.1865,6721.5,0.417,Buy
1585193994.1909,6722.5,0.507,Sell
1585194012.384,6719.0,0.01,Sell
1585194051.1847,6719.0,0.6,Sell
1585194052.1864,6718.5,0.602,Sell
1585194053.1893,6718.5,3.278,Buy
1585194054.191,6718.5,0.942,Buy
1585194111.1846,6720.5,0.845,Sell
1585194112.1863,6720.5,0.242,Sell
1585194113.189,6719.5,0.108,Buy
1585194114.1907,6719.5,0.007,Buy
1585194171.1848,6720.5,0.407,Buy
1585194172.1864,6719.5,0.957,Sell
1585194173.189,6719.5,0.641,Buy
1585194174.1907,6719.5,0.048,Buy
1585194231.1847,6719.0,0.412,Sell
1585194232.1864,6718.5,0.67,Sell
1585194233.189,6718.5,0.299,Sell
1585194234.1907,6717.5,4.157,Sell
1585194291.1846,6722.0,0.491,Sell
1585194292.1862,6722.0,0.12,Sell
1585194293.1891,6722.5,0.591,Sell
1585194300.3458,6725.5,2.0,Sell
1585194351.1847,6723.0,0.407,Buy
1585194352.1864,6721.5,0.459,Sell
1585194353.1893,6723.0,0.711,Sell
1585194411.185,6723.0,3.502,Buy
1585194413.3958,6723.5,2.0,Buy
1585194414.1915,6721.5,0.705,Sell
1585194471.1847,6725.0,0.823,Sell
1585194472.1863,6726.0,0.574,Sell
1585194473.1889,6726.0,0.202,Sell
1585194531.1847,6726.0,0.857,Sell
1585194532.1864,6726.0,0.483,Sell
1585194533.189,6726.0,2.914,Sell
1585194591.1849,6722.5,0.652,Buy
1585194592.1866,6722.5,0.209,Buy
1585194593.1892,6722.5,0.986,Sell
1585194651.1849,6720.5,0.294,Sell
1585194652.1866,6720.5,0.498,Buy
1585194654.1909,6716.5,0.988,Buy
1585194711.1847,6717.0,2.824,Sell
1585194712.1864,6716.5,0.178,Sell
1585194757.0253,6713.5,0.047,Sell
1585194771.1847,6714.0,0.624,Sell
1585194772.1864,6714.0,0.394,Buy
1585194774.1909,6714.5,0.628,Sell
1585194831.1849,6722.0,0.76,Buy
1585194832.1866,6723.5,0.135,Sell
1585194833.1895,6722.5,4.893,Sell
1585194834.1912,6723.0,0.17,Buy
1585194891.1849,6725.5,0.677,Buy
1585194892.1866,6724.5,0.648,Sell
1585194893.1894,6724.5,0.594,Buy
1585194894.1911,6724.5,1.253,Buy
1585194951.1847,6731.5,0.639,Sell
1585194952.1863,6731.5,1.854,Sell
1585194952.1863,6731.5,2.4,Sell
1585194953.189,6731.5,0.213,Sell
1585194954.1907,6731.5,1.343,Sell
1585194973.2839,6733.0,0.001,Buy
1585195011.1847,6742.0,0.341,Sell
1585195012.1863,6741.0,0.607,Buy
1585195013.1889,6741.0,0.005,Sell
1585195014.1906,6741.0,0.724,Buy
1585195071.1847,6734.0,0.968,Buy
1585195072.1864,6733.0,0.868,Sell
1585195073.1891,6733.0,0.38,Sell
1585195074.1907,6733.5,0.458,Sell
1585195106.0888,6733.5,0.13,Sell
1585195131.1848,6731.0,0.762,Sell
1585195132.1865,6731.5,2.146,Buy
1585195133.1892,6727.0,0.767,Sell
1585195134.1909,6726.5,0.592,Sell
1585195203.5213,6721.0,7.441,Sell
1585195203.5213,6720.5,0.571,Sell
1585195209.286,6722.0,5.763,Buy
1585195254.5476,6730.0,0.1,Buy
1585195314.3799,6736.0,0.334,Sell
1585195315.3838,6736.0,0.82,Sell
1585195316.3888,6736.5,0.368,Buy
1585195322.2617,6737.0,0.026,Sell
1585195374.3798,6737.5,0.088,Buy
1585195376.3885,6737.5,0.489,Sell
1585195377.979,6738.0,0.2,Buy
1585195411.8767,6745.0,0.004,Buy
1585195431.7096,6746.5,0.965,Buy
1585195434.3799,6748.5,0.28,Sell
1585195435.3817,6748.5,2.432,Sell
1585195436.3844,6748.5,0.918,Sell
1585195437.3862,6748.5,0.767,Sell
1585195437.7766,6749.0,0.131,Buy
1585195437.8766,6749.0,0.269,Buy
1585195456.3488,6745.5,0.026,Sell
1585195494.3778,6748.0,0.428,Buy
1585195495.3795,6747.5,0.212,Buy
1585195496.3821,6746.5,0.176,Sell
1585195497.3837,6742.5,0.61,Sell
1585195501.9606,6745.5,0.05,Buy
1585195554.3777,6751.0,0.818,Buy
1585195555.3794,6750.5,0.854,Buy
1585195557.3844,6751.0,0.715,Sell
1585195613.2473,6748.5,0.01,Buy
1585195614.3778,6744.5,0.85,Buy
1585195615.3796,6744.5,0.785,Sell
1585195616.3823,6743.0,0.03,Sell
1585195617.3841,6743.0,0.609,Buy
1585195617.9819,6745.5,0.002,Buy
1585195619.2324,6745.5,0.002,Buy
1585195633.5767,6742.0,0.384,Sell
1585195633.6768,6742.0,0.016,Sell
1585195674.3777,6737.5,0.11,Sell
1585195675.3794,6737.5,0.13,Buy
1585195684.1767,6737.0,0.2,Sell
1585195702.9768,6730.0,0.1,Sell
1585195734.3776,6733.0,0.614,Sell
1585195735.3793,6733.0,0.03,Sell
1585195736.3819,6733.0,0.182,Sell
1585195781.177,6731.5,0.4,Sell
1585195794.3777,6731.0,0.504,Sell
1585195796.3821,6731.5,0.281,Buy
1585195797.3838,6730.0,0.013,Buy
1585195854.3778,6726.5,0.202,Sell
1585195855.3795,6726.5,0.071,Buy
1585195856.3822,6726.5,0.525,Buy
1585195857.3839,6726.0,0.095,Buy
1585195914.3777,6733.0,0.781,Sell
1585195915.3795,6733.5,0.714,Sell
1585195917.384,6729.5,0.487,Buy
1585195974.3777,6724.5,0.804,Buy
1585195975.3795,6724.0,0.848,Sell
1585195976.3822,6724.0,4.125,Buy
1585195977.3839,6723.5,0.105,Buy
1585195994.2767,6720.5,0.173,Sell
1585195994.3767,6720.0,0.1,Sell
1585195994.4766,6720.0,0.082,Sell
1585196017.6765,6715.0,0.004,Sell
1585196034.3777,6705.5,0.023,Sell
1585196035.3794,6705.5,0.616,Sell
1585196036.3822,6706.0,0.399,Sell
1585196065.4773,6706.0,0.2,Sell
1585196094.3778,6706.5,0.657,Buy
1585196095.3794,6707.5,0.361,Sell
1585196096.3825,6707.5,0.305,Sell
1585196097.3841,6706.5,0.306,Buy
1585196130.0768,6707.0,0.2,Buy
1585196130.3766,6709.0,0.2,Buy
1585196154.3778,6711.0,0.919,Buy
1585196155.3793,6710.0,0.755,Sell
1585196156.3822,6710.5,0.876,Sell
1585196157.3838,6710.5,0.437,Sell
1585196161.926,6710.0,0.24,Buy
1585196213.7696,6698.0,0.4,Sell
1585196213.7696,6697.0,0.605,Sell
1585196213.7696,6699.0,0.2,Sell
1585196214.3777,6697.5,0.085,Buy
1585196215.3794,6697.5,0.948,Sell
1585196216.3822,6698.5,0.581,Buy
1585196217.3839,6699.5,0.902,Sell
1585196274.3783,6702.0,0.285,Buy
1585196276.3828,6700.5,2.135,Sell
1585196277.3845,6700.5,0.213,Sell
1585196334.3776,6706.5,0.808,Sell
1585196336.3822,6706.5,0.888,Buy
1585196337.3839,6706.0,1.875,Sell
1585196394.3777,6702.0,0.832,Buy
1585196395.3794,6702.0,0.428,Buy
1585196396.3822,6702.0,2.143,Buy
1585196397.384,6702.0,0.209,Sell
1585196454.3777,6704.0,0.191,Sell
1585196456.3821,6704.0,2.919,Buy
1585196457.3838,6704.0,3.853,Buy
1585196514.3777,6692.5,0.022,Sell
1585196515.3793,6692.5,0.128,Sell
1585196516.3825,6692.5,2.369,Buy
1585196517.3842,6692.5,0.783,Sell
1585196574.3777,6683.5,0.848,Sell
1585196575.3793,6683.5,0.776,Buy
1585196576.382,6684.0,0.394,Buy
1585196577.3837,6683.5,0.721,Sell
1585196599.604,6687.5,2.5,Sell
1585196634.3776,6685.0,0.985,Sell
1585196635.3793,6684.0,1.002,Sell
1585196636.3821,6684.5,0.144,Sell
1585196637.3837,6684.5,0.807,Buy
1585196694.3777,6688.5,0.031,Sell
1585196695.3794,6689.5,0.19,Buy
1585196696.382,6689.5,0.874,Buy
1585196697.3836,6689.5,0.444,Buy
1585196731.1269,6697.0,0.14,Sell
1585196754.3777,6699.0,0.489,Sell
1585196755.3793,6700.5,0.83,Sell
1585196756.382,6700.5,0.912,Sell
1585196757.3837,6702.0,0.852,Buy
1585196814.3777,6703.5,0.719,Sell
1585196815.3794,6703.5,0.489,Sell
1585196816.3821,6703.5,0.884,Sell
1585196817.3838,6704.0,0.043,Buy
1585196841.3784,6704.0,0.103,Buy
1585196856.4183,6705.5,0.074,Buy
1585196874.3778,6702.5,4.982,Sell
1585196875.3795,6701.5,1.795,Sell
1585196877.385,6702.0,0.475,Sell
1585196934.3778,6702.5,0.924,Buy
1585196935.3794,6703.0,0.82,Buy
1585196936.3822,6700.5,0.557,Sell
1585196937.384,6700.5,0.402,Sell
1585196996.3821,6690.0,0.391,Sell
1585196997.3838,6690.5,0.38,Sell
1585197054.3777,6678.5,0.717,Buy
1585197055.3794,6678.5,0.482,Buy
1585197057.3838,6679.0,0.175,Sell
1585197114.3784,6684.0,0.071,Sell
1585197115.3802,6684.0,0.91,Buy
1585197116.3832,6684.0,4.763,Buy
1585197174.3777,6681.0,0.785,Buy
1585197175.3795,6681.5,4.765,Buy
1585197176.3822,6681.5,0.288,Buy
1585197177.3839,6681.5,0.693,Sell
1585197234.3778,6680.5,0.111,Sell
1585197235.3795,6680.0,0.222,Buy
1585197237.384,6680.5,0.959,Sell
1585197294.3777,6687.5,4.651,Sell
1585197296.3832,6689.0,2.529,Buy
1585197354.3777,6698.5,0.982,Sell
1585197355.3794,6699.5,0.841,Sell
1585197357.3838,6700.0,0.476,Buy
1585197414.3777,6698.5,0.174,Sell
1585197415.3794,6698.0,0.697,Sell
1585197416.3821,6698.0,0.968,Sell
1585197417.3837,6698.0,0.613,Buy
1585197474.3777,6691.0,0.014,Sell
1585197475.3795,6691.0,0.237,Sell
1585197476.3822,6690.5,0.796,Sell
1585197477.3841,6690.5,0.608,Sell
1585197534.3777,6694.0,0.796,Buy
1585197535.3794,6694.5,0.257,Sell
1585197536.382,6694.0,0.74,Sell
1585197594.3781,6700.0,0.311,Sell
1585197596.3825,6700.0,0.26,Sell
1585197654.3776,6690.0,0.772,Buy
1585197655.3793,6690.5,0.725,Sell
1585197656.3821,6690.5,0.417,Sell
1585197657.3837,6690.5,0.604,Sell
1585197714.3777,6683.5,0.823,Buy
1585197715.3794,6684.5,0.594,Buy
1585197716.3821,6684.0,0.833,Sell
1585197717.3839,6684.5,0.6,Sell
1585197774.3777,6687.0,4.553,Buy
1585197775.3793,6688.0,0.366,Sell
1585197776.3819,6688.0,0.408,Sell
1585197804.6983,6684.0,0.018,Sell
1585197834.3776,6689.0,0.611,Sell
1585197835.3794,6690.0,0.687,Buy
1585197836.3821,6690.0,0.01,Sell
1585197837.3838,6689.0,0.25,Sell
1585197894.3777,6692.0,0.998,Sell
1585197896.3822,6693.0,3.141,Buy
1585197897.384,6693.0,0.12,Buy
1585197933.5037,6687.5,2.5,Sell
1585197954.3777,6690.5,0.771,Sell
1585197957.3837,6689.5,0.603,Sell
1585198014.3776,6696.0,2.795,Sell
1585198015.3793,6696.0,0.638,Sell
1585198016.382,6696.0,0.94,Buy
1585198017.3836,6696.0,0.479,Sell
1585198074.3777,6702.0,0.457,Sell
1585198075.3794,6702.0,2.621,Sell
1585198076.3821,6702.5,0.641,Sell
1585198134.3784,6702.5,0.494,Sell
1585198135.3802,6702.5,0.95,Buy
1585198136.3829,6702.5,0.485,Buy
1585198137.3846,6703.5,0.782,Sell
1585198137.3903,6704.0,0.018,Buy
1585198149.9509,6705.0,0.016,Buy
1585198194.3787,6706.0,0.236,Sell
1585198195.3805,6706.0,0.443,Sell
1585198196.3832,6706.0,0.502,Buy
1585198197.3849,6706.0,0.543,Buy
1585198254.3777,6702.5,0.168,Sell
1585198255.3794,6702.5,3.556,Sell
1585198256.3821,6702.5,0.802,Sell
1585198300.5767,6699.0,0.1,Sell
1585198300.6767,6699.0,0.4,Sell
1585198314.3777,6691.5,3.553,Buy
1585198315.3793,6690.5,3.017,Sell
1585198316.3819,6689.5,0.654,Sell
1585198325.8731,6686.0,0.001,Sell
1585198325.878,6686.0,0.5,Sell
1585198374.3777,6691.5,0.371,Buy
1585198375.3793,6691.0,0.735,Buy
1585198376.382,6691.0,0.206,Sell
1585198377.3837,6690.5,0.086,Sell
1585198404.5549,6690.0,0.001,Buy
1585198404.8958,6691.0,0.001,Buy
1585198414.5607,6693.0,0.001,Sell
1585198440.9208,6691.0,0.5,Buy
1585198480.699,6688.5,0.935,Buy
1585198486.7038,6688.0,1.01,Sell
1585198492.7076,6689.0,0.214,Sell
1585198504.2303,6688.5,0.5,Sell
1585198504.3521,6688.5,0.5,Sell
1585198543.6986,6694.0,0.693,Sell
1585198551.3422,6696.5,0.5,Buy
1585198552.7033,6694.5,0.418,Sell
1585198561.7071,6695.0,0.863,Buy
1585198594.6948,6692.0,0.807,Buy
1585198601.6965,6693.0,0.17,Buy
1585198608.7013,6691.0,0.123,Sell
1585198615.703,6691.0,0.232,Buy
1585198646.3238,6692.5,0.001,Buy
1585198654.6927,6692.5,0.188,Buy
1585198660.6944,6692.0,0.007,Buy
1585198666.697,6692.0,0.299,Sell
1585198672.6986,6692.5,0.002,Buy
1585198714.6926,6696.0,0.562,Sell
1585198721.6943,6695.5,3.021,Buy
1585198722.5688,6694.5,0.001,Sell
1585198728.697,6695.5,0.732,Sell
1585198735.6986,6694.0,0.725,Buy
1585198774.6933,6694.0,0.659,Sell
1585198780.6976,6694.5,0.616,Sell
1585198783.6993,6694.5,0.612,Sell
1585198795.1909,6692.0,0.1,Sell
1585198795.2908,6692.0,0.917,Sell
1585198795.3908,6692.0,0.233,Sell
1585198834.6927,6686.0,0.666,Sell
1585198835.6944,6686.0,0.945,Sell
1585198836.697,6686.0,0.233,Sell
1585198837.6987,6686.0,0.391,Buy
1585198894.6925,6680.5,0.076,Sell
1585198894.7781,6680.5,0.016,Sell
1585198895.6942,6680.0,0.026,Sell
1585198896.6968,6681.0,0.873,Sell
1585198897.6985,6680.5,0.51,Buy
1585198898.9596,6682.0,0.016,Buy
1585198956.5908,6672.0,0.001,Sell
1585198957.6942,6669.0,3.555,Sell
1585198960.6994,6669.0,0.866,Sell
1585199014.6934,6669.0,0.674,Sell
1585199018.6983,6669.5,0.866,Buy
1585199020.7,6669.5,0.778,Sell
1585199074.6927,6673.5,0.297,Buy
1585199079.6944,6672.5,0.383,Buy
1585199089.6987,6673.0,2.871,Buy
1585199134.6933,6672.5,0.785,Buy
1585199142.6951,6673.5,0.981,Sell
1585199150.6978,6673.5,4.117,Sell
1585199157.3909,6674.0,0.541,Buy
1585199157.4908,6674.0,0.194,Buy
1585199158.6995,6680.5,0.19,Sell
1585199198.6944,6678.5,0.558,Sell
1585199202.6979,6675.0,0.201,Sell
1585199254.6926,6678.0,0.923,Sell
1585199272.6969,6678.0,0.203,Sell
1585199281.6985,6677.5,1.844,Buy
1585199323.6943,6681.0,0.597,Sell
1585199332.697,6681.5,0.26,Sell
1585199339.1399,6679.0,0.224,Buy
1585199341.6988,6679.5,0.166,Buy
1585199377.6943,6681.5,0.183,Buy
1585199380.697,6681.5,0.385,Sell
1585199383.6986,6682.0,0.461,Sell
1585199439.6944,6681.5,0.328,Sell
1585199444.6969,6681.0,0.654,Sell
1585199449.6986,6681.5,0.559,Sell
1585199494.6933,6685.5,0.567,Sell
1585199495.695,6685.5,0.034,Buy
1585199496.6977,6685.5,0.787,Buy
1585199497.6993,6685.5,0.738,Buy
1585199546.9908,6682.0,0.45,Sell
1585199554.6926,6679.5,0.166,Sell
1585199555.6943,6679.5,0.819,Sell
1585199556.697,6679.5,0.224,Buy
1585199557.6986,6679.5,0.738,Buy
1585199614.6934,6684.5,0.502,Sell
1585199622.6951,6680.5,0.085,Sell
1585199630.6979,6681.0,0.455,Sell
1585199638.6996,6681.5,2.608,Buy
1585199680.6945,6679.5,0.106,Sell
1585199686.6973,6678.0,0.095,Sell
1585199692.699,6678.0,0.516,Buy
1585199734.6926,6675.5,0.92,Buy
1585199735.6943,6676.5,2.889,Sell
1585199736.6969,6676.5,0.699,Sell
1585199753.4885,6676.0,0.444,Sell
1585199797.3637,6678.5,0.364,Sell
1585199807.3675,6679.5,0.723,Buy
1585199817.3724,6679.0,0.717,Sell
1585199827.3763,6679.0,0.322,Buy
1585199857.3517,6678.5,0.617,Sell
1585199865.6246,6678.0,0.444,Sell
1585199876.3556,6683.5,0.886,Sell
1585199895.3604,6682.5,0.504,Sell
1585199949.3708,6682.5,0.969,Buy
1585199965.3756,6681.0,2.353,Buy
1585199997.3852,6680.5,0.421,Sell
1585200018.3869,6681.5,0.311,Sell
1585200039.3899,6687.5,2.965,Sell
1585200060.3917,6691.5,3.024,Buy
1585200081.3943,6690.5,0.658,Buy
1585200092.3959,6690.0,0.807,Sell
1585200103.3987,6690.5,0.771,Sell
1585200114.4004,6690.5,4.705,Sell
1585200125.4031,6690.5,3.456,Buy
1585200147.4047,6687.5,0.697,Buy
1585200169.4075,6687.0,1.943,Sell
1585200191.4092,6687.5,2.433,Buy
1585200213.4173,6687.5,0.638,Sell
1585200240.419,6685.5,0.857,Sell
1585200267.4218,6688.0,1.327,Sell
1585200294.4235,6692.0,0.774,Sell
1585200335.4278,6697.0,4.426,Sell
1585200349.4306,6697.0,2.845,Buy
1585200363.4324,6697.0,0.926,Sell
1585200377.4354,6695.5,0.298,Sell
1585200402.4371,6700.0,1.138,Sell
1585200427.44,6702.0,0.745,Sell
1585200452.4417,6703.5,0.249,Buy
1585200477.4456,6701.5,2.325,Sell
1585200531.4501,6700.5,0.785,Sell
1585200558.4519,6698.0,0.627,Buy
1585200585.4547,6693.5,0.93,Sell
1585200592.4564,6691.5,0.569,Sell
1585200599.459,6693.5,2.024,Buy
1585200606.4607,6692.5,0.963,Sell
1585200637.3495,6686.0,0.376,Sell
1585200643.3512,6690.0,0.63,Sell
1585200649.3538,6690.5,0.655,Buy
1585200655.3555,6691.5,0.784,Sell
1585200697.3496,6690.5,2.592,Sell
1585200713.354,6688.0,0.729,Sell
1585200757.3496,6688.5,0.281,Buy
1585200773.3541,6688.5,0.392,Sell
1585200781.3557,6687.5,0.414,Sell
1585200817.3496,6691.5,0.508,Sell
1585200855.354,6697.5,0.5,Buy
1585200874.3557,6698.0,0.099,Sell
1585200893.3635,6695.5,3.355,Sell
1585200921.3652,6703.0,0.653,Buy
1585200949.3679,6701.5,1.319,Sell
1585201005.3781,6701.5,0.269,Buy
1585201034.3798,6701.5,0.022,Sell
1585201121.3913,6704.5,1.136,Sell
1585201137.0487,6707.0,0.4,Buy
1585201141.393,6708.5,0.391,Sell
1585201161.397,6702.5,3.237,Sell
1585201181.3987,6695.5,0.086,Sell
1585201201.4013,6698.0,0.454,Sell
1585201202.403,6698.0,4.601,Buy
1585201203.4058,6699.0,0.648,Buy
1585201204.4075,6699.5,0.033,Buy
1585201237.3496,6700.5,0.575,Buy
1585201243.3513,6699.5,0.144,Buy
1585201249.3539,6699.5,0.301,Buy
1585201255.3556,6700.5,3.861,Sell
1585201297.3495,6698.0,0.572,Buy
1585201316.3512,6697.0,0.043,Sell
1585201335.3538,6699.0,0.323,Sell
1585201354.6379,6697.0,0.1,Sell
1585201373.3581,6695.0,0.626,Buy
1585201377.3625,6694.5,0.569,Sell
1585201379.3642,6695.0,0.635,Buy
1585201417.3496,6699.5,2.754,Sell
1585201434.3513,6693.5,0.298,Buy
1585201451.3541,6688.5,0.32,Sell
1585201468.3558,6686.5,0.539,Sell
1585201485.3589,6691.5,0.595,Buy
1585201486.3607,6690.5,0.366,Buy
1585201487.3634,6690.5,4.713,Buy
1585201488.3651,6689.5,0.373,Sell
1585201536.049,6684.5,0.074,Sell
1585201555.3513,6686.5,4.306,Buy
1585201564.5456,6683.5,0.1,Buy
1585201573.3542,6682.0,0.292,Sell
1585201609.3642,6682.0,0.799,Sell
1585201627.3687,6683.0,0.206,Buy
1585201636.3704,6687.0,0.883,Buy
1585201654.5345,6680.5,1.0,Buy
1585201657.3495,6680.0,0.982,Sell
1585201675.3539,6678.5,0.115,Sell
1585201684.3556,6675.5,0.844,Sell
1585201697.0046,6675.0,1.0,Sell
1585201717.3496,6679.0,0.234,Buy
1585201738.8486,6667.0,0.082,Sell
1585201743.3512,6661.5,0.752,Buy
1585201743.3567,6661.0,0.016,Sell
1585201756.8792,6669.0,1.0,Sell
1585201759.0934,6672.5,0.1,Buy
1585201762.4151,6670.0,0.735,Buy
1585201767.7024,6665.5,0.041,Buy
1585201769.354,6667.5,0.367,Buy
1585201795.3556,6655.5,0.719,Sell
1585201800.5486,6655.0,0.029,Sell
1585201801.5616,6649.0,0.263,Sell
1585201801.5668,6652.5,0.009,Buy
1585201803.1487,6644.0,0.028,Sell
1585201803.1539,6639.5,0.041,Sell
1585201803.2684,6641.0,0.674,Sell
1585201808.1144,6652.0,0.075,Sell
1585201808.1648,6652.0,0.1,Sell
1585201810.3743,6652.0,0.073,Buy
1585201814.1744,6650.0,1.0,Buy
1585201821.3583,6652.5,0.286,Buy
1585201822.36,6651.5,0.871,Buy
1585201823.3627,6651.5,0.05,Sell
1585201839.3513,6651.5,0.556,Sell
1585201841.354,6651.5,0.243,Sell
1585201843.3556,6651.5,0.825,Buy
1585201897.0487,6651.5,0.115,Sell
1585201897.3496,6646.0,0.384,Sell
1585201903.3513,6645.5,2.216,Buy
1585201909.354,6646.0,0.535,Sell
1585201915.3556,6646.5,0.884,Sell
1585201915.3556,6646.5,0.101,Sell
1585201955.6366,6641.5,0.088,Buy
1585201957.3496,6640.5,0.649,Sell
1585201969.3514,6645.5,0.281,Buy
1585201981.3541,6638.5,0.741,Sell
1585202017.3497,6636.0,0.332,Sell
1585202037.3514,6644.5,0.504,Sell
1585202053.1058,6637.5,0.164,Buy
1585202057.3541,6636.5,0.076,Sell
1585202057.3541,6636.5,0.381,Sell
1585202077.3558,6637.0,0.622,Sell
1585202088.3676,6635.0,0.001,Sell
1585202088.3676,6631.5,0.024,Sell
1585202088.3678,6631.5,0.073,Sell
1585202090.2486,6627.0,0.13,Sell
1585202095.3911,6629.0,0.059,Buy
1585202097.3596,6626.0,0.487,Sell
1585202100.3612,6631.0,0.953,Buy
1585202103.3642,6630.0,0.383,Sell
1585202106.3659,6626.0,0.288,Sell
1585202129.2486,6620.0,0.055,Sell
1585202132.6356,6613.5,2.6,Sell
1585202137.3497,6614.5,0.309,Sell
1585202144.3513,6616.0,0.372,Buy
1585202151.354,6620.5,0.722,Buy
1585202158.3556,6618.0,0.819,Sell
1585202197.3496,6619.0,0.031,Sell
1585202203.7538,6621.0,2.493,Sell
1585202231.3541,6629.0,0.337,Buy
1585202248.3558,6628.5,0.381,Sell
1585202265.3585,6623.0,0.476,Buy
1585202278.3602,6622.5,0.743,Sell
1585202282.9486,6622.0,0.034,Sell
1585202291.3628,6616.0,0.994,Sell
1585202304.3646,6618.5,0.615,Sell
1585202317.3728,6621.0,0.884,Buy
1585202322.3744,6619.5,0.765,Buy
1585202327.3772,6618.5,4.297,Buy
1585202362.4178,6622.5,0.084,Buy
1585202377.3496,6618.5,0.619,Sell
1585202395.3512,6625.0,0.988,Sell
1585202413.3558,6621.5,0.783,Buy
1585202449.3604,6614.0,0.441,Sell
1585202462.362,6607.0,0.984,Buy
1585202462.3675,6606.5,0.059,Sell
1585202475.3649,6600.5,0.992,Sell
1585202488.3666,6604.0,0.465,Sell
1585202517.3765,6606.0,0.85,Sell
1585202533.3793,6612.5,0.47,Sell
1585202543.4678,6615.5,0.6,Buy
1585202546.95,6614.0,0.001,Sell
1585202565.3837,6616.0,2.175,Sell
1585202567.3854,6614.0,0.809,Sell
1585202569.3884,6614.5,0.643,Sell
1585202571.3902,6614.5,0.325,Buy
1585202617.3497,6619.0,0.887,Buy
1585202621.3513,6619.5,0.95,Sell
1585202625.3541,6619.5,0.475,Sell
1585202629.3486,6620.0,0.169,Buy
1585202629.4486,6620.0,0.128,Buy
1585202677.3496,6630.0,0.107,Sell
1585202678.3512,6631.0,0.113,Buy
1585202679.354,6630.0,0.252,Buy
1585202680.3556,6628.0,0.534,Buy
1585202686.1196,6630.0,0.297,Buy
1585202689.7237,6629.5,0.093,Buy
1585202714.1422,6634.0,0.888,Buy
1585202726.7487,6638.0,0.06,Buy
1585202749.3541,6637.5,0.42,Buy
1585202755.3558,6636.0,0.212,Sell
1585202797.3497,6636.0,0.356,Sell
1585202822.3514,6648.0,0.981,Sell
1585202847.3541,6649.0,0.481,Sell
1585202868.1163,6640.0,0.14,Buy
1585202872.3558,6639.0,0.699,Sell
1585202897.3596,6637.5,0.14,Buy
1585202923.3612,6643.5,0.541,Sell
1585202949.364,6638.0,0.545,Sell
1585202975.3657,6637.5,0.006,Buy
1585203001.3739,6642.5,0.773,Buy
1585203017.3756,6642.5,0.052,Sell
1585203033.3783,6642.5,0.81,Sell
1585203049.3801,6642.0,0.847,Sell
1585203065.3827,6642.5,3.901,Sell
1585203113.3875,6638.5,0.637,Sell
1585203137.3893,6638.0,0.294,Buy
1585203161.3929,6630.0,0.715,Sell
1585203161.3985,6629.5,0.093,Sell
1585203168.3946,6631.0,0.054,Buy
1585203175.3973,6631.0,0.238,Buy
1585203178.2418,6631.0,0.04,Sell
1585203217.3497,6637.5,0.634,Buy
1585203243.3514,6635.0,0.113,Buy
1585203269.3541,6630.5,0.181,Buy
1585203295.3557,6632.0,0.271,Sell
1585203321.3628,6629.5,0.604,Sell
1585203334.3645,6630.0,0.112,Sell
1585203337.1524,6630.0,0.06,Sell
1585203347.3673,6628.0,0.131,Sell
1585203360.369,6630.0,0.164,Buy
1585203373.3716,6629.5,0.518,Buy
1585203387.3733,6625.5,2.181,Buy
1585203401.3768,6623.5,0.679,Sell
1585203404.6488,6621.0,0.104,Sell
1585203415.3784,6613.0,0.929,Buy
1585203415.3837,6612.5,0.104,Sell
1585203415.3838,6612.5,0.13,Sell
1585203429.381,6619.0,0.049,Buy
1585203435.3827,6620.0,0.042,Sell
1585203441.3861,6619.5,0.386,Sell
1585203447.3878,6618.5,0.467,Sell
1585203451.7731,6618.0,0.561,Buy
1585203464.3513,6619.0,1.816,Sell
1585203471.3541,6611.0,0.311,Buy
1585203478.3557,6616.0,0.458,Sell
1585203522.6635,6600.5,0.379,Sell
1585203522.6635,6601.0,0.001,Sell
1585203527.3512,6603.5,0.841,Sell
1585203537.3539,6606.0,0.413,Sell
1585203547.3555,6605.5,0.105,Sell
1585203577.3496,6600.5,0.318,Sell
1585203593.1487,6590.0,0.001,Sell
1585203593.1539,6590.5,0.494,Buy
1585203593.2511,6588.0,0.012,Sell
1585203593.3513,6585.0,0.658,Sell
1585203593.3555,6587.0,2.6,Buy
1585203596.4954,6585.0,1.414,Sell
1585203609.3541,6595.0,4.588,Sell
1585203639.8971,6604.0,0.487,Buy
1585203641.3586,6602.0,0.389,Sell
1585203647.8799,6602.0,0.46,Buy
1585203656.3604,6608.5,0.234,Sell
1585203671.3631,6605.5,0.442,Buy
1585203686.3647,6605.0,0.809,Sell
1585203701.3673,6606.0,0.939,Buy
1585203703.3691,6606.0,0.826,Sell
1585203705.3718,6608.0,0.421,Buy
1585203707.3734,6606.0,0.236,Sell
1585203757.3496,6610.5,1.22,Sell
1585203777.2969,6615.0,0.002,Buy
1585203784.3513,6613.5,0.328,Sell
1585203811.354,6622.0,0.05,Buy
1585203838.3556,6621.5,0.356,Sell
1585203841.8722,6632.0,0.017,Buy
1585203841.8772,6632.0,0.04,Buy
1585203864.5483,6638.0,0.037,Buy
1585203865.363,6638.5,0.743,Sell
1585203873.3647,6634.5,0.672,Buy
1585203881.3709,6633.0,0.363,Buy
1585203889.3726,6639.0,0.514,Buy
1585203897.3752,6637.5,0.813,Buy
1585203921.095,6631.0,0.6,Sell
1585203922.3768,6630.0,0.116,Sell
1585203931.6919,6632.0,0.227,Sell
1585203947.3796,6636.0,0.715,Buy
1585203967.9062,6645.0,0.001,Buy
1585203967.9062,6645.0,0.226,Buy
1585203977.0839,6644.0,0.001,Buy
1585203989.8232,6645.5,0.419,Sell
1585203997.3897,6657.5,0.832,Sell
1585203997.3949,6658.0,2.493,Buy
1585204006.8486,6666.0,0.002,Buy
1585204015.3914,6663.0,0.241,Sell
1585204033.3941,6652.5,0.151,Buy
1585204049.3408,6651.5,0.045,Buy
1585204051.3958,6650.5,0.859,Sell
1585204069.4082,6650.5,0.777,Sell
1585204087.4099,6651.0,3.071,Buy
1585204105.4127,6651.5,0.569,Sell
1585204123.4144,6648.0,0.639,Buy
1585204141.4172,6648.5,0.094,Sell
1585204150.4189,6647.0,2.133,Sell
1585204177.432,6645.5,0.384,Sell
1585204177.432,6645.5,0.419,Sell
1585204179.4338,6643.5,0.763,Buy
1585204181.439,6643.5,0.518,Sell
1585204183.4407,6643.5,4.778,Buy
1585204221.5634,6644.5,0.487,Sell
1585204237.3496,6646.5,0.646,Sell
1585204257.3512,6635.0,0.529,Sell
1585204257.3566,6634.0,0.037,Sell
1585204270.9283,6635.0,0.034,Sell
1585204277.3548,6643.5,0.222,Sell
1585204280.0486,6644.0,0.1,Buy
1585204280.1486,6644.0,0.1,Buy
1585204295.8103,6649.5,0.004,Buy
1585204297.3565,6647.0,0.679,Sell
1585204317.3647,6643.0,3.071,Sell
1585204326.3663,6647.0,0.718,Buy
1585204335.3698,6650.0,0.68,Buy
1585204335.9271,6648.5,0.001,Sell
1585204344.3714,6651.0,0.838,Sell
1585204351.5959,6656.5,0.001,Sell
1585204357.5888,6652.5,0.996,Buy
1585204367.3513,6654.5,0.818,Sell
1585204377.354,6654.0,0.303,Buy
1585204387.3557,6651.5,0.863,Sell
1585204387.4114,6651.5,0.001,Sell
1585204417.3497,6654.0,2.152,Sell
1585204420.3513,6654.0,0.102,Buy
1585204423.354,6654.5,0.883,Sell
1585204426.3556,6651.0,0.532,Buy
1585204499.3514,6650.0,1.936,Buy
1585204521.3549,6649.0,0.81,Buy
1585204543.3567,6645.5,0.388,Sell
1585204570.7487,6645.0,0.001,Sell
1585204611.3645,6640.5,0.352,Buy
1585204634.3663,6638.5,0.201,Sell
1585204657.3742,6635.0,0.941,Sell
1585204663.3759,6635.0,0.571,Sell
1585204669.3787,6634.5,0.528,Buy
1585204675.3805,6634.0,0.308,Sell
1585204728.3512,6643.0,0.725,Buy
1585204739.354,6639.0,0.117,Buy
1585204750.3556,6640.5,0.934,Sell
1585204777.3496,6638.0,0.289,Buy
1585204781.3513,6637.5,0.063,Sell
1585204785.354,6638.5,0.615,Sell
1585204789.3557,6640.5,0.311,Buy
1585204837.3498,6641.5,0.861,Sell
1585204851.3515,6638.5,0.731,Sell
1585204865.3542,6635.5,0.511,Sell
1585204879.3559,6629.5,4.24,Sell
1585204897.3496,6619.0,0.081,Buy
1585204902.5951,6620.5,0.004,Sell
1585204913.3513,6621.5,0.093,Sell
1585204929.354,6622.5,0.171,Buy
1585204945.3557,6621.0,0.756,Buy
1585204954.0942,6624.0,0.028,Sell
1585204961.3584,6624.5,0.386,Sell
1585204981.3601,6624.0,0.299,Sell
1585205021.3646,6626.0,0.951,Buy
1585205041.3727,6626.5,0.623,Buy
1585205051.3743,6627.0,0.028,Buy
1585205061.3772,6631.5,0.982,Buy
1585205071.3789,6627.0,0.832,Buy
1585205081.3817,6625.5,2.492,Buy
1585205092.3834,6629.5,0.25,Sell
1585205103.3864,6632.5,0.369,Sell
1585205114.3882,6634.0,2.685,Sell
1585205137.3497,6637.5,0.809,Buy
1585205138.3515,6637.5,4.423,Sell
1585205139.3544,6637.5,3.394,Buy
1585205197.3496,6646.0,0.26,Sell
1585205215.3513,6646.5,0.289,Sell
1585205233.354,6642.5,0.624,Sell
1585205251.3556,6643.0,0.723,Buy
1585205269.3625,6648.5,1.658,Sell
1585205290.3642,6642.0,0.178,Sell
1585205300.1257,6639.5,0.319,Buy
1585205311.367,6646.5,0.586,Buy
1585205326.5093,6644.5,1.264,Sell
1585205332.3687,6644.5,0.199,Buy
1585205353.3713,6644.0,0.14,Buy
1585205380.373,6646.5,4.59,Sell
1585205389.3485,6642.0,0.2,Sell
1585205407.3759,6639.0,0.383,Buy
1585205429.3486,6642.0,0.2,Buy
1585205461.3805,6654.0,0.441,Sell
1585205480.3821,6650.0,0.244,Buy
1585205518.3867,6648.0,0.857,Buy
1585205537.3906,6651.0,4.293,Sell
1585205559.3922,6651.0,0.965,Sell
1585205581.3951,6649.0,1.302,Sell
1585205603.3969,6649.5,0.275,Buy
1585205625.4038,6642.5,0.542,Sell
1585205653.4055,6643.0,0.025,Buy
1585205681.4083,6636.5,0.599,Sell
1585205707.4486,6638.0,0.1,Buy
1585205707.5485,6638.0,0.1,Buy
1585205709.41,6642.0,0.25,Buy
1585205737.4172,6641.0,0.674,Sell
1585205783.4216,6636.0,0.992,Sell
1585205793.3683,6637.5,1.0,Sell
1585205806.4234,6638.5,0.112,Sell
1585205829.4271,6642.0,0.727,Sell
1585205844.4288,6640.0,0.796,Buy
1585205874.4333,6644.0,0.811,Buy
1585205889.4387,6642.0,0.379,Sell
1585205897.4404,6641.5,0.041,Sell
1585205905.4431,6641.0,0.512,Sell
1585205913.4449,6641.0,0.465,Sell
1585205945.4546,6639.0,0.926,Sell
1585205969.4573,6636.0,0.069,Sell
1585206009.9486,6635.0,0.2,Sell
1585206017.4659,6625.0,0.903,Sell
1585206026.4677,6624.5,0.589,Buy
1585206035.4706,6624.5,0.02,Sell
1585206048.9486,6624.0,0.045,Sell
1585206053.475,6617.5,0.121,Buy
1585206077.4767,6614.0,0.37,Buy
1585206125.4812,6615.0,0.157,Sell
1585206148.8487,6611.0,0.001,Sell
1585206149.4839,6607.0,4.313,Sell
1585206164.4856,6607.0,1.199,Buy
1585206179.4884,6604.0,0.325,Buy
1585206194.4902,6590.5,0.186,Buy
1585206209.4974,6594.0,0.419,Sell
1585206220.4991,6599.0,0.881,Sell
1585206231.5018,6597.5,0.393,Sell
1585206250.7662,6599.5,1.0,Buy
1585206253.5116,6603.0,0.711,Buy
1585206258.4653,6604.5,2.8,Buy
1585206258.4653,6604.5,0.2,Buy
1585206260.5132,6602.0,1.939,Buy
1585206267.5161,6599.5,0.107,Buy
1585206281.5205,6596.0,0.686,Sell
1585206285.5222,6597.0,0.491,Sell
1585206289.5251,6596.5,3.074,Buy
1585206334.1269,6604.5,1.013,Sell
1585206337.3496,6606.0,3.547,Buy
1585206340.009,6602.0,1.264,Buy
1585206354.3513,6603.5,0.157,Buy
1585206371.3541,6610.5,0.902,Buy
1585206388.3557,6608.0,0.591,Buy
1585206407.3653,6603.5,0.772,Sell
1585206409.3681,6603.5,0.435,Sell
1585206427.8091,6607.0,0.2,Sell
1585206457.3496,6607.0,0.325,Sell
1585206459.0486,6605.0,0.2,Sell
1585206462.3513,6598.5,0.912,Sell
1585206467.3541,6595.5,2.337,Sell
1585206472.3557,6595.0,3.914,Sell
1585206509.9509,6593.0,0.4,Buy
1585206517.3497,6599.5,0.706,Sell
1585206544.3513,6597.5,0.639,Sell
1585206571.3542,6603.5,0.069,Buy
1585206582.8486,6604.0,0.2,Buy
1585206598.3558,6610.5,0.082,Sell
1585206625.3631,6608.0,0.904,Buy
1585206649.9509,6611.0,0.001,Buy
1585206650.0486,6612.0,0.138,Buy
1585206650.1486,6612.0,0.062,Buy
1585206679.3676,6614.5,0.935,Sell
1585206681.9869,6617.0,0.4,Buy
1585206706.3693,6612.0,4.959,Buy
1585206741.3735,6617.0,0.491,Sell
1585206749.3763,6614.5,3.126,Sell
1585206757.3786,6617.5,0.452,Sell
1585206765.3867,6617.5,0.489,Sell
1585206791.3884,6614.0,0.159,Sell
1585206817.3912,6613.5,2.447,Buy
1585206843.3929,6614.5,0.757,Buy
1585206855.8487,6610.0,0.2,Sell
1585206869.3996,6606.0,2.696,Sell
1585206870.8157,6606.5,0.002,Buy
1585206889.4014,6605.5,3.377,Buy
1585206909.4044,6608.5,0.132,Buy
1585206929.406,6607.5,0.636,Buy
1585206946.2702,6609.0,0.002,Buy
1585206949.4099,6607.0,3.919,Sell
1585206953.4115,6606.5,0.045,Buy
1585206957.4144,6607.0,0.001,Buy
1585206961.4161,6606.5,0.755,Sell
1585206976.1486,6600.0,0.2,Sell
1585206997.3497,6601.0,0.664,Buy
1585207005.3514,6600.5,0.058,Buy
1585207013.3542,6602.0,0.107,Buy
1585207021.3559,6600.0,0.97,Sell
1585207057.3497,6607.5,0.104,Sell
1585207083.3514,6616.0,0.341,Buy
1585207109.354,6617.0,0.018,Sell
1585207135.3557,6613.0,0.945,Sell
1585207161.3584,6621.5,0.811,Buy
1585207165.36,6625.0,0.691,Sell
1585207173.3666,6624.5,0.778,Sell
1585207177.3748,6624.5,4.865,Sell
1585207191.3765,6625.0,0.822,Sell
1585207205.3793,6632.0,0.352,Buy
1585207219.381,6626.5,0.41,Buy
1585207237.3496,6623.0,0.404,Sell
1585207248.3513,6623.0,0.099,Sell
1585207259.3539,6628.0,0.246,Sell
1585207270.3556,6624.0,0.699,Sell
1585207297.3495,6624.0,0.725,Sell
1585207323.3513,6625.0,0.327,Sell
1585207397.5485,6629.0,0.2,Buy
1585207401.3592,6632.5,4.725,Sell
1585207412.3609,6628.0,1.442,Buy
1585207423.3637,6629.0,4.824,Buy
1585207515.0081,6627.0,0.2,Sell
1585207515.0081,6625.0,0.2,Sell
1585207515.0081,6624.0,0.161,Sell
1585207519.3542,6624.5,0.746,Buy
1585207540.3559,6624.5,0.236,Sell
1585207566.3603,6620.5,3.309,Buy
1585207571.363,6624.5,0.952,Sell
1585207576.3648,6626.5,0.945,Sell
1585207579.3487,6627.5,0.2,Buy
1585207622.3515,6632.0,0.979,Sell
1585207672.3561,6631.0,0.105,Sell
1585207697.3599,6630.0,0.11,Sell
1585207702.6365,6629.0,0.2,Sell
1585207702.6365,6626.5,2.8,Sell
1585207718.3616,6624.0,0.398,Buy
1585207739.3643,6625.0,0.749,Buy
1585207760.366,6622.0,0.31,Buy
1585207781.3731,6621.0,0.227,Buy
1585207792.5571,6619.5,2.6,Sell
1585207792.5571,6620.0,0.2,Sell
1585207792.5571,6620.0,0.2,Sell
1585207808.3748,6618.5,0.759,Sell
1585207819.9822,6624.5,3.0,Buy
1585207822.6875,6624.0,0.001,Buy
1585207835.3774,6624.0,0.859,Sell
1585207872.3486,6615.0,0.249,Sell
1585207872.4487,6615.0,0.1,Sell
1585207872.5485,6615.0,0.651,Sell
1585207877.8486,6614.0,0.2,Sell
1585207889.3828,6613.0,0.819,Sell
1585207905.3845,6612.5,0.125,Sell
1585207921.3874,6611.5,0.987,Buy
1585207945.2484,6611.0,0.2,Sell
1585207953.3977,6607.5,0.76,Sell
1585207967.3993,6612.5,0.177,Sell
1585207981.4036,6612.0,0.224,Buy
1585207995.4053,6607.0,0.24,Buy
1585208009.4081,6607.5,0.555,Sell
1585208019.1409,6609.5,1.0,Buy
1585208023.4098,6613.0,0.586,Sell
1585208033.9484,6614.0,0.2,Buy
1585208037.4127,6618.0,3.681,Buy
1585208051.4144,6619.5,2.27,Buy
1585208065.4181,6619.5,0.556,Sell
1585208073.1486,6619.0,0.1,Sell
1585208073.2487,6619.0,0.3,Sell
1585208091.4199,6616.0,4.195,Buy
1585208117.4264,6612.0,0.314,Buy
1585208143.4281,6617.0,2.594,Buy
1585208169.435,6613.0,0.036,Sell
1585208186.4367,6615.5,0.001,Buy
1585208203.4395,6614.0,0.273,Buy
1585208220.4412,6613.5,0.365,Sell
1585208238.4467,6614.5,0.403,Sell
1585208239.4494,6614.5,0.044,Sell
1585208240.4511,6614.5,0.942,Buy
1585208257.3496,6618.0,0.594,Buy
1585208261.3513,6618.0,0.632,Buy
1585208265.3539,6617.5,0.532,Sell
1585208265.3539,6617.5,0.337,Sell
1585208269.3556,6618.5,0.269,Sell
1585208317.3496,6618.0,0.806,Buy
1585208339.3513,6617.5,3.311,Sell
1585208361.3544,6619.0,0.328,Sell
1585208385.7487,6620.5,0.229,Buy
1585208385.8486,6620.5,0.171,Buy
1585208405.3585,6621.5,0.652,Sell
1585208423.3602,6619.5,0.787,Buy
1585208441.3629,6624.5,1.162,Sell
1585208459.3646,6623.5,2.904,Sell
1585208462.052,6624.0,0.017,Sell
1585208477.3729,6624.5,0.994,Buy
1585208493.3774,6624.5,0.31,Sell
1585208509.3864,6625.5,4.339,Buy
1585208529.2085,6619.0,0.4,Sell
1585208538.3881,6618.5,0.863,Buy
1585208555.0761,6613.0,0.4,Sell
1585208561.4485,6611.0,0.004,Sell
1585208567.391,6609.5,0.488,Sell
1585208567.391,6609.5,0.001,Sell
1585208596.3928,6608.5,0.045,Buy
1585208644.2339,6608.0,0.012,Buy
1585208647.4015,6605.5,4.449,Sell
1585208657.3113,6602.0,0.001,Buy
1585208659.5438,6600.0,0.001,Sell
1585208659.5495,6602.0,3.0,Buy
1585208666.1249,6598.5,0.001,Buy
1585208669.4044,6597.0,0.208,Buy
1585208684.3801,6604.0,0.005,Buy
1585208684.743,6601.5,0.001,Sell
1585208691.4061,6599.5,0.6,Sell
1585208706.7487,6601.0,0.2,Buy
1585208711.781,6606.0,0.001,Buy
1585208713.4087,6605.0,0.382,Sell
1585208734.4104,6602.5,0.615,Sell
1585208755.4132,6597.0,0.319,Buy
1585208776.4149,6596.0,0.622,Buy
1585208783.8534,6597.0,0.001,Buy
1585208797.4223,6597.5,0.166,Buy
1585208810.3057,6601.5,0.102,Buy
1585208815.424,6601.5,0.094,Buy
1585208829.704,6597.0,0.002,Sell
1585208829.9718,6597.0,0.002,Sell
1585208833.4268,6596.5,0.9,Sell
1585208851.4285,6593.0,0.358,Buy
1585208869.4322,6594.5,0.042,Sell
1585208872.4339,6595.0,0.177,Buy
1585208875.4387,6598.0,0.849,Sell
1585208878.4405,6597.5,0.614,Sell
1585208903.1298,6594.5,0.561,Buy
1585208920.4868,6588.5,0.026,Buy
1585208941.3512,6588.0,0.8,Buy
1585208945.5486,6586.0,0.228,Sell
1585208945.6486,6586.0,0.747,Sell
1585208946.0485,6586.0,0.703,Sell
1585208946.1486,6586.0,0.322,Sell
1585208948.4046,6581.0,0.001,Sell
1585208951.1593,6570.5,0.012,Sell
1585208951.1598,6570.5,0.084,Sell
1585208965.354,6581.5,0.756,Sell
1585208977.4892,6581.0,0.577,Buy
1585208989.3557,6578.5,0.887,Sell
1585209013.3583,6591.0,0.926,Sell
1585209020.0455,6593.0,0.02,Sell
1585209045.3629,6586.5,0.356,Sell
1585209061.3647,6585.5,0.249,Sell
1585209077.3673,6586.0,0.98,Sell
1585209099.3691,6590.5,0.768,Buy
1585209121.3718,6591.0,0.182,Sell
1585209143.3736,6584.0,0.724,Buy
1585209165.3805,6584.5,0.875,Sell
1585209176.3822,6584.0,0.491,Sell
1585209187.385,6581.0,0.375,Sell
1585209217.3496,6577.0,3.323,Sell
1585209231.3512,6574.5,0.119,Sell
1585209233.7583,6574.0,0.002,Sell
1585209235.3486,6574.0,0.033,Sell
1585209245.3541,6566.0,0.734,Buy
1585209259.3562,6561.5,0.554,Buy
1585209267.7385,6562.5,0.495,Buy
1585209277.3496,6569.0,0.941,Sell
1585209284.7713,6572.5,0.002,Buy
1585209285.0203,6572.5,0.002,Buy
1585209289.3512,6564.5,0.854,Buy
1585209301.356,6559.0,0.184,Sell
1585209311.633,6555.0,0.002,Sell
1585209335.9078,6566.5,0.3,Buy
1585209337.127,6566.0,0.154,Buy
1585209337.3496,6565.0,0.737,Sell
1585209373.009,6570.0,0.4,Buy
1585209373.3543,6569.5,0.524,Sell
1585209375.6486,6570.0,0.1,Buy
1585209375.7486,6570.0,0.754,Buy
1585209375.8487,6570.0,0.746,Buy
1585209387.0907,6575.5,0.001,Buy
1585209391.3559,6574.0,0.723,Buy
1585209409.363,6565.0,0.761,Sell
1585209435.3648,6574.5,0.753,Buy
1585209461.3676,6587.5,0.654,Buy
1585209483.6902,6587.5,0.001,Sell
1585209510.8546,6586.5,0.001,Buy
1585209513.3778,6586.5,0.804,Sell
1585209515.0361,6585.0,0.102,Sell
1585209517.3795,6586.5,3.034,Sell
1585209521.3824,6585.0,4.149,Sell
1585209525.3841,6583.0,0.914,Sell
1585209529.3873,6582.5,0.08,Sell
1585209542.2597,6582.5,0.05,Sell
1585209543.3891,6583.0,0.138,Sell
1585209552.6543,6580.0,0.5,Sell
1585209571.3936,6582.0,0.698,Buy
1585209613.4025,6591.5,0.478,Sell
1585209615.1182,6592.0,1.072,Sell
1585209641.4053,6590.5,0.211,Sell
1585209662.6485,6598.0,0.06,Buy
1585209669.4069,6602.0,0.332,Sell
1585209680.0764,6600.0,0.5,Buy
1585209697.4152,6606.5,0.302,Buy
1585209705.7316,6606.5,0.45,Buy
1585209724.4169,6603.5,0.599,Buy
1585209747.3728,6599.0,0.001,Sell
1585209751.4208,6600.0,4.335,Sell
1585209778.4226,6601.0,0.456,Buy
1585209787.512,6601.5,0.4,Buy
1585209798.3259,6600.0,1.0,Buy
1585209805.427,6592.5,0.644,Sell
1585209810.4287,6595.0,1.61,Sell
1585209815.4315,6595.5,0.023,Sell
1585209820.4332,6595.5,0.95,Sell
1585209821.4523,6595.0,0.614,Sell
1585209825.4403,6595.0,0.609,Sell
1585209829.4485,6596.0,0.2,Buy
1585209829.5965,6600.5,0.598,Sell
1585209851.442,6600.5,0.98,Buy
1585209861.7429,6601.5,0.001,Buy
1585209877.4468,6601.0,0.327,Buy
1585209903.4486,6596.0,4.677,Sell
1585209929.4514,6593.5,0.426,Buy
1585209939.4487,6596.0,0.002,Buy
1585209940.4531,6601.0,0.757,Sell
1585209951.456,6605.0,0.636,Sell
1585209960.696,6606.5,0.002,Buy
1585209962.4577,6606.5,0.236,Sell
1585209973.4605,6613.5,0.431,Sell
1585209977.4622,6608.0,0.974,Sell
1585209979.1189,6611.0,0.002,Sell
1585209980.718,6613.5,0.014,Buy
1585209981.465,6613.0,0.985,Sell
1585209985.4668,6613.0,0.459,Buy
1585209997.3497,6611.0,0.803,Sell
1585209998.3514,6610.5,0.934,Buy
1585209999.3542,6610.0,0.444,Buy
1585210000.3559,6612.0,0.484,Sell
1585210057.3498,6623.5,0.857,Sell
1585210069.3515,6619.0,1.009,Buy
1585210069.6341,6618.0,0.589,Sell
1585210081.3542,6619.0,0.008,Sell
1585210093.356,6617.0,0.956,Sell
1585210117.3496,6613.0,0.965,Sell
1585210120.3512,6614.0,0.045,Buy
1585210123.3541,6614.5,0.584,Sell
1585210126.3557,6607.0,0.841,Buy
1585210177.3496,6612.5,0.665,Buy
1585210180.3513,6613.0,0.279,Buy
1585210183.3541,6615.5,0.797,Sell
1585210186.3557,6619.0,0.503,Sell
1585210203.438,6616.0,0.4,Sell
1585210237.3498,6616.0,0.856,Buy
1585210256.3515,6614.0,0.723,Buy
1585210275.3543,6609.0,0.956,Buy
1585210294.356,6608.5,0.431,Buy
1585210313.3587,6608.5,0.594,Sell
1585210319.9485,6611.0,0.302,Buy
1585210326.3604,6613.5,0.364,Buy
1585210339.3632,6609.0,0.393,Sell
1585210352.3649,6604.0,0.333,Buy
1585210365.3676,6605.0,0.357,Sell
1585210371.3694,6604.5,0.333,Buy
1585210383.3739,6603.0,2.058,Sell
1585210396.8546,6599.0,3.0,Sell
1585210417.3496,6600.0,0.339,Buy
1585210441.3513,6599.5,0.262,Buy
1585210461.3459,6595.0,0.45,Sell
1585210465.3541,6595.5,0.153,Sell
1585210489.3558,6598.5,0.466,Buy
1585210513.3628,6604.5,0.73,Buy
1585210520.3486,6605.0,0.005,Buy
1585210528.3646,6607.5,0.534,Buy
1585210543.3675,6605.5,0.564,Buy
1585210573.3731,6605.0,0.224,Buy
1585210594.6152,6606.0,0.102,Buy
1585210597.3749,6605.0,0.828,Sell
1585210621.3779,6605.0,0.762,Sell
1585210645.3797,6612.5,0.903,Sell
1585210669.3825,6605.0,0.533,Buy
1585210692.3842,6604.5,0.005,Sell
1585210692.3842,6604.5,0.187,Sell
1585210715.3872,6594.0,0.584,Sell
1585210738.3888,6588.0,0.402,Buy
1585210761.3915,6584.5,0.09,Sell
1585210761.3915,6584.5,0.361,Sell
1585210761.3915,6584.5,0.145,Sell
1585210761.3915,6584.5,0.337,Sell
1585210774.3932,6583.0,0.933,Sell
1585210774.3986,6583.5,3.0,Buy
1585210787.3959,6584.0,0.916,Sell
1585210812.5644,6581.5,0.421,Sell
1585210813.4005,6583.5,0.855,Sell
1585210831.4021,6581.0,0.322,Sell
1585210849.4049,6581.5,0.622,Buy
1585210870.1506,6581.0,0.589,Buy
1585210885.4138,6575.0,0.957,Buy
1585210896.4155,6567.0,0.745,Buy
1585210907.4184,6577.5,0.502,Buy
1585210915.8832,6576.5,0.4,Sell
1585210918.42,6578.0,0.728,Sell
1585210929.4301,6574.5,0.609,Buy
1585210949.7487,6580.0,0.005,Buy
1585210952.4317,6584.0,2.274,Buy
1585210975.4388,6582.0,0.548,Buy
1585210992.2486,6579.0,0.005,Sell
1585210998.4404,6576.0,0.177,Sell
1585211004.2487,6575.0,0.1,Sell
1585211021.444,6574.5,0.532,Buy
1585211032.4457,6572.5,1.09,Buy
1585211043.4487,6576.5,0.712,Sell
1585211054.4503,6575.0,0.13,Sell
1585211087.5486,6577.0,0.001,Buy
1585211099.3513,6580.0,0.445,Sell
1585211119.4471,6576.5,0.09,Sell
1585211121.3542,6575.5,0.571,Buy
1585211143.3559,6566.5,0.474,Sell
1585211165.3642,6573.0,0.837,Sell
1585211179.1657,6580.5,0.421,Buy
1585211181.0198,6580.5,0.001,Buy
1585211185.3659,6579.5,0.654,Sell
1585211197.8712,6588.0,0.04,Buy
1585211205.3687,6584.0,0.916,Sell
1585211225.3705,6583.5,0.201,Sell
1585211245.373,6586.0,0.205,Sell
1585211286.612,6569.5,0.4,Sell
1585211326.3795,6567.0,0.657,Sell
1585211343.3867,6566.0,0.098,Sell
1585211353.3876,6567.0,0.837,Buy
1585211359.2503,6569.0,1.0,Buy
1585211364.3892,6576.0,0.072,Sell
1585211375.3953,6574.5,0.949,Sell
1585211397.4043,6567.0,0.66,Buy
1585211400.4106,6568.0,0.175,Buy
1585211437.3497,6575.5,0.851,Sell
1585211447.3543,6580.0,4.227,Sell
1585211452.356,6580.0,0.833,Sell
1585211497.3498,6575.5,0.946,Sell
1585211506.3515,6572.5,0.017,Sell
1585211515.3543,6574.5,0.233,Buy
1585211524.3559,6574.5,0.747,Buy
1585211557.3496,6579.5,0.039,Sell
1585211562.3513,6579.5,0.575,Sell
1585211567.3542,6580.0,0.367,Sell
1585211572.3559,6581.0,0.094,Sell
1585211573.6519,6580.5,0.007,Sell
1585211582.6935,6577.5,0.003,Sell
1585211633.3512,6576.5,0.77,Sell
1585211649.354,6576.0,0.321,Sell
1585211699.3612,6579.5,0.558,Sell
1585211701.1489,6580.0,0.001,Buy
1585211717.3641,6583.0,0.937,Buy
1585211753.3686,6580.5,0.438,Sell
1585211766.3703,6581.0,0.846,Buy
1585211779.3731,6581.0,0.72,Sell
1585211797.9486,6592.0,0.001,Buy
1585211805.383,6596.0,3.825,Sell
1585211834.3846,6588.0,0.884,Sell
1585211863.3875,6581.5,0.816,Sell
1585211892.3892,6582.0,0.585,Buy
1585211900.6484,6579.5,0.001,Sell
1585211921.392,6578.5,0.786,Sell
1585211944.3937,6577.5,3.492,Sell
1585211967.3966,6577.5,0.646,Sell
1585211990.3983,6576.5,0.135,Sell
1585212013.4069,6584.5,0.753,Buy
1585212040.4086,6585.0,0.142,Sell
1585212067.4113,6582.0,0.822,Sell
1585212094.4131,6586.0,0.81,Buy
1585212121.4204,6582.5,0.944,Sell
1585212131.4222,6581.5,0.902,Sell
1585212141.4251,6584.5,0.261,Sell
1585212151.4268,6583.5,0.73,Sell
1585212161.4295,6585.5,0.136,Sell
1585212170.4312,6584.5,0.224,Sell
1585212179.4341,6584.0,0.877,Buy
1585212217.3496,6589.0,0.044,Sell
1585212218.3512,6589.0,0.563,Buy
1585212219.354,6589.0,0.938,Buy
1585212220.3557,6590.0,0.69,Sell
1585212277.3496,6596.5,0.582,Sell
1585212286.3512,6595.5,0.819,Sell
1585212304.3559,6595.5,0.582,Sell
1585212315.1003,6601.0,1.0,Buy
1585212337.3497,6602.5,0.85,Buy
1585212366.3514,6599.0,0.912,Buy
1585212395.3544,6592.0,0.746,Sell
1585212424.3562,6589.5,0.976,Sell
1585212453.364,6585.0,0.459,Buy
1585212472.9743,6591.5,1.013,Buy
1585212475.3657,6590.0,0.078,Sell
1585212487.9346,6591.5,0.001,Buy
1585212497.3691,6590.5,0.992,Buy
1585212511.2889,6597.0,0.001,Sell
1585212519.3708,6596.5,0.503,Sell
1585212534.2015,6591.0,0.001,Sell
1585212534.6563,6591.0,0.001,Sell
1585212538.437,6593.0,0.4,Buy
1585212541.3789,6590.5,0.787,Buy
1585212548.3806,6588.0,0.96,Sell
1585212555.3835,6588.5,0.407,Sell
1585212562.3853,6589.0,0.064,Buy
1585212597.3512,6592.5,0.783,Buy
1585212617.354,6592.5,0.802,Buy
1585212632.2765,6590.5,0.002,Buy
1585212657.3583,6594.0,0.667,Buy
1585212691.3627,6598.0,0.815,Sell
1585212704.6138,6598.5,0.05,Buy
1585212708.3645,6595.5,0.166,Buy
1585212725.3672,6596.5,0.447,Sell
1585212751.3744,6599.5,3.52,Sell
1585212777.38,6606.5,0.311,Sell
1585212810.3861,6609.5,0.564,Sell
1585212821.3888,6609.5,0.622,Sell
1585212830.0486,6609.0,0.001,Sell
1585212867.3932,6608.0,0.527,Sell
1585212890.395,6605.5,0.659,Buy
1585212931.3993,6601.5,0.038,Sell
1585212949.4039,6607.5,3.703,Buy
1585212955.8989,6609.5,0.01,Buy
1585212967.4056,6599.0,0.054,Sell
1585212975.5616,6599.0,0.01,Sell
1585212985.4082,6598.5,0.72,Buy
1585213008.41,6597.5,0.752,Sell
1585213031.416,6598.5,0.799,Buy
1585213054.4178,6598.5,0.226,Sell
1585213077.4321,6597.5,0.758,Sell
1585213088.4338,6598.0,0.949,Sell
1585213099.4367,6598.5,2.967,Sell
1585213110.4384,6598.0,0.133,Buy
1585213132.4428,6597.5,0.673,Sell
1585213143.4457,6598.0,0.509,Sell
1585213149.4698,6605.0,0.01,Buy
1585213154.4475,6604.5,0.407,Sell
1585213165.3486,6610.0,0.1,Buy
1585213165.3486,6610.0,0.001,Buy
1585213169.6423,6612.0,0.088,Buy
1585213177.3497,6608.0,0.207,Buy
1585213178.6237,6608.5,0.064,Buy
1585213184.8818,6612.0,0.026,Buy
1585213190.3934,6612.5,0.013,Buy
1585213191.3513,6610.5,0.515,Buy
1585213201.8646,6615.0,0.006,Buy
1585213205.3543,6612.5,0.599,Buy
1585213219.3561,6616.5,0.604,Sell
1585213237.3496,6616.5,0.326,Buy
1585213262.3514,6614.5,0.593,Buy
1585213273.9673,6622.0,0.01,Buy
1585213274.4745,6620.5,1.0,Sell
1585213287.3544,6615.5,0.624,Buy
1585213312.3561,6615.5,0.539,Buy
1585213332.2555,6618.5,0.4,Buy
1585213347.3657,6614.5,0.492,Buy
1585213357.3692,6618.0,0.061,Buy
1585213367.3709,6619.0,0.787,Buy
1585213377.3736,6620.0,0.282,Buy
1585213382.6874,6619.0,0.32,Buy
1585213384.6387,6619.5,0.01,Sell
1585213386.3753,6619.5,0.242,Buy
1585213395.3781,6620.5,4.629,Sell
1585213404.3798,6618.0,1.008,Sell
1585213417.3496,6615.0,0.223,Sell
1585213426.3513,6615.0,0.86,Buy
1585213435.3539,6614.5,0.733,Sell
1585213444.3556,6613.5,0.383,Sell
1585213477.3496,6615.5,0.417,Buy
1585213506.3514,6616.0,0.291,Sell
1585213535.3541,6617.0,0.183,Buy
1585213564.3558,6608.5,0.906,Buy
1585213605.3645,6605.0,0.445,Buy
1585213617.3674,6603.0,0.128,Sell
1585213629.3691,6604.0,0.078,Buy
1585213641.3718,6607.0,2.222,Sell
1585213668.3734,6605.0,0.832,Sell
1585213695.3763,6607.0,4.643,Buy
1585213722.378,6604.0,3.572,Sell
1585213766.3871,6604.0,0.423,Buy
1585213783.3898,6600.0,1.801,Sell
1585213800.3915,6601.5,0.941,Buy
1585213817.3985,6601.0,4.006,Buy
1585213825.403,6601.0,3.979,Buy
1585213829.4047,6600.5,0.657,Buy
1585213837.3497,6603.5,0.204,Buy
1585213839.3513,6604.0,0.426,Sell
1585213841.3547,6605.0,0.695,Buy
1585213897.3496,6603.0,0.016,Sell
1585213919.3513,6604.0,0.392,Sell
1585213941.3541,6611.0,0.005,Sell
1585213963.3558,6608.0,0.698,Sell
1585213985.3584,6611.5,0.878,Sell
1585213992.3602,6609.0,0.798,Buy
1585213995.1329,6609.0,0.32,Sell
1585213999.3629,6607.0,0.996,Sell
1585214006.3648,6607.5,0.371,Buy
1585214047.356,6617.5,0.703,Buy
1585214077.3504,6611.5,0.316,Buy
1585214097.3521,6611.5,0.47,Buy
1585214137.3565,6604.0,0.658,Buy
1585214157.3636,6605.5,0.764,Sell
1585214170.3652,6609.5,0.49,Buy
1585214183.3681,6613.5,0.967,Buy
1585214196.3698,6614.0,0.414,Sell
1585214209.3734,6617.5,0.415,Sell
1585214234.3751,6614.5,0.951,Buy
1585214259.3778,6615.5,0.724,Buy
1585214309.3822,6620.5,0.648,Buy
1585214338.384,6622.5,0.632,Sell
1585214367.3869,6622.0,0.005,Sell
1585214412.6667,6622.0,0.073,Sell
1585214437.3932,6622.5,0.371,Sell
1585214443.3487,6623.0,0.001,Buy
1585214473.4049,6630.0,0.706,Buy
1585214492.4066,6628.5,0.983,Sell
1585214511.4127,6626.5,0.452,Buy
1585214532.0569,6629.0,0.297,Buy
1585214549.4227,6626.0,0.004,Sell
1585214556.4245,6626.5,4.928,Buy
1585214563.4272,6626.5,0.485,Sell
1585214570.4289,6626.0,0.973,Buy
1585214577.4317,6627.0,2.741,Sell
1585214583.4363,6628.5,0.822,Sell
1585214586.4381,6629.0,0.351,Buy
1585214617.3495,6629.0,0.649,Sell
1585214621.3512,6629.5,0.422,Buy
1585214629.3556,6629.5,0.985,Buy
1585214677.35,6633.0,0.697,Buy
1585214677.3557,6634.5,0.098,Buy
1585214685.6836,6631.5,0.147,Buy
1585214689.3516,6633.0,0.018,Sell
1585214713.3561,6634.5,2.8,Buy
1585214737.354,6625.5,0.3,Buy
1585214761.3556,6627.5,0.027,Buy
1585214785.3583,6625.0,0.066,Sell
1585214809.3601,6622.5,0.001,Sell
1585214809.3601,6622.5,0.513,Sell
1585214841.3688,6621.5,0.247,Sell
1585214849.3715,6619.5,0.639,Sell
1585214865.3803,6622.0,2.183,Sell
1585214921.3849,6623.5,0.734,Sell
1585214958.143,6624.0,0.01,Buy
1585214964.5899,6623.5,0.01,Sell
1585214977.3946,6623.0,0.782,Sell
1585215003.3964,6622.5,0.326,Buy
1585215029.3993,6622.0,0.097,Sell
1585215055.401,6626.5,0.629,Buy
1585215081.4036,6626.0,0.989,Sell
1585215089.957,6627.0,0.001,Buy
1585215099.3531,6627.0,0.001,Sell
1585215108.4053,6629.5,0.178,Buy
1585215135.4104,6628.0,0.432,Sell
1585215162.4121,6622.5,0.846,Sell
1585215189.4159,6621.5,0.816,Sell
1585215218.4176,6626.0,0.754,Sell
1585215247.4204,6624.0,2.068,Sell
1585215276.4221,6621.5,0.573,Buy
1585215305.4248,6621.0,0.158,Sell
1585215312.4265,6623.0,0.813,Buy
1585215319.4293,6621.5,3.717,Sell
1585215326.4311,6620.5,0.218,Buy
1585215337.3496,6620.5,0.641,Sell
1585215347.3513,6620.5,0.558,Sell
1585215389.3485,6621.0,0.001,Sell
1585215405.3513,6616.0,0.117,Sell
1585215413.3542,6615.5,0.547,Sell
1585215421.3559,6616.0,0.897,Buy
1585215449.5764,6616.5,0.589,Sell
1585215454.5486,6617.0,0.25,Buy
1585215457.3496,6618.0,0.809,Buy
1585215458.3513,6618.0,0.194,Buy
1585215459.354,6619.0,0.514,Sell
1585215460.3558,6619.0,2.479,Sell
1585215476.4537,6618.0,1.0,Sell
1585215542.3514,6616.0,3.208,Sell
1585215567.3542,6616.0,0.162,Sell
1585215617.3637,6621.0,0.023,Sell
1585215635.3678,6621.0,0.443,Sell
1585215649.1486,6621.5,0.001,Buy
1585215672.3739,6630.5,0.495,Sell
1585215691.3768,6630.5,0.422,Sell
1585215693.3702,6629.5,0.589,Sell
1585215710.3785,6628.0,0.924,Buy
1585215734.383,6632.5,0.583,Sell
1585215739.3859,6632.0,0.855,Buy
1585215757.3496,6633.5,0.514,Sell
1585215770.3513,6632.0,0.751,Buy
1585215783.3541,6633.5,0.619,Sell
1585215796.3558,6636.0,0.818,Sell
1585215798.1696,6638.0,0.044,Buy
1585215817.3496,6638.5,0.8,Sell
1585215819.9487,6639.0,0.08,Buy
1585215832.3513,6641.5,0.164,Sell
1585215842.9994,6637.0,0.051,Sell
1585215847.3542,6638.0,0.869,Sell
1585215862.3559,6639.0,4.582,Sell
1585215877.3629,6639.5,0.423,Sell
1585215893.3646,6638.5,0.585,Sell
1585215893.3646,6638.5,0.046,Sell
1585215909.3677,6637.5,0.546,Buy
1585215940.4486,6634.0,0.05,Sell
1585215941.3723,6629.0,2.926,Buy
1585215952.9267,6628.5,3.0,Sell
1585215963.3739,6626.5,3.112,Sell
1585216029.3866,6631.5,0.238,Sell
1585216036.3883,6630.5,0.09,Buy
1585216043.3911,6631.5,0.936,Sell
1585216050.393,6627.5,0.301,Buy
1585216057.4002,6627.5,0.361,Buy
1585216058.4018,6627.0,0.503,Sell
1585216059.4065,6626.5,0.395,Sell
1585216060.4084,6626.5,2.73,Sell
1585216159.3541,6627.5,0.002,Sell
1585216159.3541,6627.5,0.507,Sell
1585216221.3626,6625.5,0.385,Sell
1585216244.3731,6625.5,0.675,Sell
1585216247.3759,6625.5,0.034,Sell
1585216250.3777,6625.5,0.786,Sell
1585216281.6485,6625.0,0.001,Sell
1585216297.3495,6610.0,0.463,Sell
1585216302.3512,6609.5,0.439,Sell
1585216302.3567,6611.5,3.0,Buy
1585216307.354,6610.5,0.191,Buy
1585216312.3557,6611.0,0.243,Buy
1585216357.3496,6612.0,2.784,Sell
1585216389.354,6614.5,0.429,Sell
1585216405.3557,6611.5,0.396,Sell
1585216421.3627,6612.5,0.323,Sell
1585216429.3645,6613.5,0.218,Buy
1585216437.3687,6615.0,1.271,Sell
1585216445.3704,6618.5,0.573,Sell
1585216477.3497,6611.5,0.209,Sell
1585216490.3514,6612.0,0.634,Buy
1585216503.3558,6617.0,0.865,Sell
1585216516.3576,6614.0,0.176,Buy
1585216537.3497,6616.5,3.032,Sell
1585216541.3514,6615.5,0.428,Buy
1585216545.354,6616.0,0.454,Sell
1585216549.3558,6614.0,0.273,Buy
1585216597.3496,6616.5,0.838,Sell
1585216616.3512,6617.5,0.444,Buy
1585216635.354,6614.5,0.187,Buy
1585216673.3584,6618.5,0.816,Sell
1585216731.3628,6623.0,0.723,Sell
1585216760.3645,6617.5,0.074,Sell
1585216789.3726,6616.5,0.385,Sell
1585216802.3743,6617.0,0.921,Buy
1585216815.377,6620.0,0.671,Sell
1585216828.3787,6620.0,0.918,Buy
1585216854.9504,6629.0,0.13,Buy
1585216854.9504,6625.5,0.001,Buy
1585216858.3843,6628.5,0.863,Sell
1585216875.3872,6628.0,0.771,Sell
1585216909.3915,6628.0,0.694,Sell
1585216920.3933,6627.5,0.143,Sell
1585216931.396,6627.5,0.155,Buy
1585216955.1282,6624.0,0.131,Sell
1585216957.3495,6624.0,0.617,Sell
1585216961.3513,6624.5,0.465,Sell
1585216965.3541,6625.5,0.889,Sell
1585217017.3497,6627.0,4.987,Buy
1585217030.9763,6625.0,0.128,Buy
1585217101.364,6622.5,0.684,Sell
1585217115.3656,6627.5,0.804,Buy
1585217129.3692,6627.5,4.757,Sell
1585217143.371,6628.5,0.98,Buy
1585217157.378,6623.5,0.217,Sell
1585217173.3833,6623.0,3.178,Buy
1585217197.3496,6623.0,0.666,Sell
1585217211.3513,6621.0,0.398,Sell
1585217225.3541,6623.5,0.998,Sell
1585217239.3559,6622.5,0.974,Buy
1585217242.0673,6622.5,3.016,Sell
1585217257.3495,6626.0,0.885,Sell
1585217261.3511,6624.0,2.166,Sell
1585217265.3539,6625.0,0.531,Sell
1585217269.3558,6624.5,0.311,Buy
1585217317.3496,6624.0,0.667,Sell
1585217337.3513,6624.0,2.145,Sell
1585217357.3538,6622.0,0.042,Sell
1585217377.3557,6621.5,0.748,Buy
1585217397.3583,6621.5,0.245,Buy
1585217410.3601,6620.5,0.91,Buy
1585217423.3629,6620.5,3.4,Sell
1585217449.3718,6625.5,0.004,Sell
1585217471.3735,6622.0,0.034,Buy
1585217493.3761,6622.0,0.354,Sell
1585217515.3779,6622.5,0.361,Buy
1585217528.2953,6623.5,0.01,Buy
1585217537.3863,6620.5,0.998,Buy
1585217538.9485,6620.0,0.001,Sell
1585217538.9537,6621.0,3.016,Buy
1585217548.388,6615.5,0.394,Sell
1585217550.4288,6615.0,0.01,Sell
1585217551.3002,6614.0,0.001,Sell
1585217551.3002,6614.0,0.126,Sell
1585217551.3002,6614.0,0.001,Sell
1585217559.3907,6611.5,0.422,Sell
1585217570.3924,6615.0,0.927,Buy
1585217588.3978,6614.0,1.188,Sell
1585217602.4021,6613.5,0.057,Buy
1585217617.3495,6616.0,0.555,Sell
1585217622.3512,6618.0,0.235,Buy
1585217632.356,6617.0,0.654,Buy
1585217660.3893,6616.0,0.002,Sell
1585217660.7227,6616.0,0.002,Sell
1585217677.3496,6614.0,0.892,Buy
1585217685.3513,6614.0,0.296,Sell
1585217689.1193,6617.0,0.002,Buy
1585217689.4393,6617.0,0.002,Buy
1585217701.3558,6615.5,0.838,Buy
1585217737.3496,6616.0,0.046,Buy
1585217758.3513,6615.5,2.409,Buy
1585217779.354,6615.5,0.955,Buy
1585217812.7486,6614.0,1.493,Sell
1585217813.8485,6613.0,0.857,Sell
1585217813.9487,6613.0,0.636,Sell
1585217830.3612,6606.5,0.486,Sell
1585217839.3641,6607.0,0.426,Buy
1585217839.6751,6607.5,0.001,Buy
1585217857.3728,6609.5,0.29,Buy
1585217857.7971,6608.5,0.002,Sell
1585217877.3774,6607.0,0.804,Sell
1585217917.3497,6607.5,0.408,Sell
1585217919.0058,6608.0,1.178,Buy
1585217920.3089,6607.5,0.01,Sell
1585217925.3514,6607.0,0.462,Buy
1585217933.3543,6607.5,1.28,Sell
1585217941.356,6607.5,0.658,Sell
1585217946.9486,6610.0,0.05,Buy
1585217977.3496,6611.0,0.825,Sell
1585217987.3513,6610.5,0.896,Sell
1585217997.3541,6609.5,0.43,Sell
1585218007.3558,6611.5,0.491,Sell
1585218026.3072,6610.0,0.019,Sell
1585218037.3495,6609.0,0.41,Buy
1585218073.3539,6606.5,0.878,Sell
1585218112.7486,6606.0,0.124,Sell
1585218157.3495,6606.0,3.067,Sell
1585218171.3513,6605.5,0.865,Buy
1585218185.3542,6608.0,0.446,Buy
1585218199.3559,6607.5,0.949,Sell
1585218217.3497,6606.5,0.899,Buy
1585218243.6304,6605.0,0.001,Sell
1585218246.3514,6605.5,0.509,Buy
1585218281.3485,6605.0,0.065,Sell
1585218290.0397,6601.5,0.163,Buy
1585218304.3557,6602.0,0.698,Sell
1585218308.9487,6597.0,0.001,Sell
1585218308.9539,6593.5,0.147,Sell
1585218308.9631,6593.5,2.986,Sell
1585218330.4486,6593.0,0.07,Sell
1585218333.3639,6592.0,0.876,Sell
1585218349.3655,6600.0,3.162,Sell
1585218365.3683,6593.5,0.717,Sell
1585218414.8484,6586.5,0.001,Buy
1585218419.3772,6589.5,0.689,Sell
1585218442.5677,6594.0,0.03,Buy
1585218457.3496,6591.5,0.289,Buy
1585218459.3513,6590.5,0.284,Buy
1585218461.3541,6590.5,0.437,Sell
1585218517.3498,6590.5,0.036,Buy
1585218539.3515,6589.5,0.762,Sell
1585218561.3542,6591.5,2.155,Sell
1585218623.3605,6589.0,0.032,Buy
1585218633.3601,6587.5,0.803,Buy
1585218661.363,6585.5,0.082,Sell
1585218689.3647,6591.0,0.873,Buy
1585218717.3686,6592.5,0.491,Sell
1585218741.3745,6593.5,0.915,Sell
1585218756.3762,6596.0,0.944,Sell
1585218786.3808,6599.5,0.886,Buy
1585218801.3854,6599.5,0.84,Sell
1585218823.39,6597.0,0.657,Sell
1585218826.561,6598.0,0.034,Buy
1585218871.4004,6601.5,0.751,Sell
1585218875.8837,6601.5,0.149,Buy
1585218877.4021,6602.5,4.868,Sell
1585218883.405,6603.5,0.555,Sell
1585218918.4122,6603.0,0.604,Sell
1585218941.4151,6598.5,1.262,Buy
1585218943.4884,6601.0,0.022,Sell
1585219014.4275,6606.0,0.669,Sell
1585219040.4303,6606.5,0.805,Sell
1585219045.5484,6610.0,0.1,Buy
1585219045.6484,6610.0,0.125,Buy
1585219066.432,6611.0,0.953,Buy
1585219071.1875,6611.5,0.145,Buy
1585219092.4384,6608.0,0.303,Sell
1585219144.4429,6607.5,2.671,Sell
1585219144.4429,6607.5,0.663,Sell
1585219196.4528,6613.0,0.49,Buy
1585219222.4573,6614.5,0.887,Buy
1585219229.8489,6621.0,0.001,Buy
1585219229.8544,6626.0,0.08,Buy
1585219235.459,6627.0,4.227,Sell
1585219248.4617,6625.0,0.483,Sell
1585219258.4633,6625.0,0.359,Buy
1585219268.4662,6620.5,0.445,Buy
1585219278.468,6619.5,0.064,Sell
1585219295.1486,6625.5,0.1,Buy
1585219295.2486,6625.5,0.093,Buy
1585219297.3496,6628.5,0.107,Sell
1585219307.1486,6630.0,0.002,Buy
1585219308.9486,6638.5,0.039,Buy
1585219321.3512,6635.5,0.452,Sell
1585219329.8639,6631.5,0.002,Buy
1585219345.354,6632.0,4.542,Sell
1585219348.1597,6632.0,0.066,Sell
1585219369.3557,6632.0,0.821,Buy
1585219393.3587,6630.0,0.561,Buy
1585219418.3604,6631.5,2.866,Sell
1585219440.7354,6633.0,0.002,Sell
1585219443.3633,6634.5,0.014,Buy
1585219468.365,6635.0,0.936,Buy
1585219493.3676,6629.5,0.337,Buy
1585219509.3722,6629.0,0.196,Sell
1585219517.3739,6628.5,1.228,Sell
1585219524.3169,6630.0,0.002,Buy
1585219544.3904,6634.5,0.021,Buy
1585219569.3922,6629.5,0.632,Sell
1585219619.3966,6625.5,0.132,Buy
1585219644.3993,6624.0,0.08,Sell
1585219657.4009,6624.0,4.021,Sell
1585219670.4036,6622.5,0.41,Buy
1585219677.9851,6622.0,0.145,Sell
1585219679.3803,6622.0,0.002,Sell
1585219683.4054,6623.5,0.676,Sell
1585219696.408,6624.0,0.446,Sell
1585219714.4098,6629.0,0.559,Buy
1585219732.4125,6623.0,2.54,Sell
1585219750.4143,6623.5,0.113,Buy
1585219770.4246,6622.5,3.657,Sell
1585219775.9484,6622.0,0.415,Sell
1585219776.0486,6622.0,0.564,Sell
1585219776.1508,6622.0,0.313,Sell
1585219777.3496,6618.0,0.51,Buy
1585219788.3512,6617.0,0.36,Sell
1585219799.3537,6620.0,0.955,Sell
1585219807.6845,6620.0,1.066,Buy
1585219810.3555,6619.5,0.199,Sell
1585219840.6801,6625.0,0.5,Sell
1585219845.3643,6625.5,0.445,Sell
1585219846.613,6626.0,0.145,Buy
1585219895.3487,6623.0,0.782,Sell
1585219895.4486,6623.0,0.017,Sell
1585219923.3721,6615.0,0.579,Buy
1585219949.3759,6613.0,0.623,Sell
1585219953.3776,6613.0,0.366,Buy
1585219961.3831,6616.5,0.331,Sell
1585219999.3918,6617.0,1.015,Sell
1585220016.3936,6616.0,0.375,Sell
1585220039.4025,6619.5,0.395,Buy
1585220044.4042,6619.5,1.698,Sell
1585220044.4042,6619.5,2.652,Sell
1585220054.4087,6616.0,0.912,Buy
1585220060.5353,6615.5,0.145,Sell
1585220077.3496,6617.0,0.075,Sell
1585220099.3539,6615.5,0.566,Buy
1585220110.3557,6615.5,0.2,Sell
1585220137.3496,6615.0,0.095,Sell
1585220157.354,6612.5,0.62,Sell
1585220167.3557,6611.5,0.697,Sell
1585220177.3596,6610.5,0.38,Sell
1585220204.3646,6610.5,0.38,Sell
1585220204.3646,6610.5,0.193,Sell
1585220209.353,6602.5,1.0,Sell
1585220215.3662,6606.0,0.64,Buy
1585220226.3691,6605.5,0.567,Buy
1585220237.3708,6606.0,0.666,Sell
1585220273.3541,6609.5,0.105,Sell
1585220281.3558,6608.5,0.676,Sell
1585220317.3495,6614.5,0.718,Sell
1585220336.3512,6617.0,4.513,Buy
1585220354.3545,6615.0,2.0,Buy
1585220355.354,6614.0,0.773,Buy
1585220374.3557,6611.0,0.35,Buy
1585220393.3582,6616.0,0.291,Sell
1585220416.3599,6616.0,0.567,Buy
1585220439.3626,6610.0,0.525,Sell
1585220462.3643,6608.5,0.228,Buy
1585220485.367,6608.5,0.673,Sell
1585220488.3733,6609.5,0.016,Sell
1585220489.3782,6609.5,0.016,Sell
1585220489.3782,6609.5,0.701,Sell
1585220519.3892,6618.0,0.189,Buy
1585220537.392,6618.5,0.492,Buy
1585220573.3963,6625.5,0.566,Sell
1585220573.4018,6626.0,0.193,Buy
1585220594.398,6627.0,0.885,Buy
1585220615.4007,6626.5,0.133,Sell
1585220657.4051,6628.5,0.064,Sell
1585220677.4067,6635.5,0.808,Sell
1585220717.4115,6624.5,0.918,Sell
1585220728.8768,6625.5,0.02,Sell
1585220737.4147,6628.5,0.213,Sell
1585220751.4194,6626.0,0.034,Sell
1585220758.421,6624.0,0.448,Sell
1585220797.3496,6630.0,0.396,Sell
1585220798.6802,6629.5,0.01,Sell
1585220809.4011,6631.0,0.016,Buy
1585220824.3513,6626.5,0.225,Buy
1585220851.3542,6624.5,0.051,Buy
1585220878.3559,6623.5,0.707,Buy
1585220905.363,6620.5,0.692,Sell
1585220911.3647,6622.5,0.695,Buy
1585220917.3675,6621.5,1.182,Sell
1585220929.3719,6621.0,0.316,Buy
1585220947.3735,6621.0,0.199,Sell
1585220965.3763,6620.5,0.456,Buy
1585220969.138,6620.0,0.026,Sell
1585220983.378,6625.5,0.326,Sell
1585221008.3825,6623.0,0.586,Sell
1585221015.3854,6623.0,0.407,Buy
1585221026.1493,6625.5,0.096,Buy
1585221037.3496,6629.0,0.046,Sell
1585221037.3584,6628.0,0.2,Sell
1585221038.3513,6629.5,0.926,Sell
1585221039.354,6629.5,3.758,Buy
1585221040.3557,6629.0,0.557,Buy
1585221101.3512,6626.5,2.166,Buy
1585221105.3539,6626.0,0.519,Buy
1585221109.3557,6626.0,0.093,Sell
1585221157.3496,6630.5,0.712,Buy
1585221169.3513,6632.0,0.496,Sell
1585221217.3495,6631.0,0.331,Buy
1585221240.3513,6630.5,0.52,Sell
1585221263.3541,6622.5,0.203,Sell
1585221286.3558,6623.0,0.707,Buy
1585221328.3646,6623.5,0.079,Buy
1585221332.3663,6624.0,0.151,Buy
1585221336.3692,6623.5,0.904,Sell
1585221344.3785,6623.0,0.627,Buy
1585221400.3831,6630.5,0.115,Sell
1585221428.3848,6637.0,0.315,Buy
1585221453.2114,6665.0,0.034,Buy
1585221453.2118,6665.0,0.066,Buy
1585221453.2118,6665.0,0.03,Buy
1585221453.2119,6662.5,3.0,Sell
1585221456.3876,6656.5,2.645,Sell
1585221457.3893,6653.5,0.475,Sell
1585221458.3921,6654.5,0.597,Buy
1585221459.3938,6657.5,4.785,Sell
1585221460.3966,6656.5,0.938,Sell
1585221483.2023,6650.0,3.0,Sell
1585221488.3983,6656.0,0.753,Sell
1585221516.401,6660.0,0.264,Sell
1585221544.4027,6658.0,0.693,Buy
1585221572.4106,6652.5,3.207,Buy
1585221578.0734,6654.0,0.3,Sell
1585221600.413,6655.0,0.855,Buy
1585221628.4174,6651.0,0.98,Sell
1585221642.7476,6654.0,0.034,Sell
1585221658.7228,6657.0,0.022,Sell
1585221684.4263,6656.5,0.809,Buy
1585221703.841,6647.5,0.014,Sell
1585221705.428,6648.0,0.085,Buy
1585221726.4308,6649.0,0.468,Buy
1585221747.4325,6647.0,0.25,Sell
1585221768.4354,6646.5,2.979,Sell
1585221773.191,6644.5,0.039,Buy
1585221779.4371,6643.5,0.327,Sell
1585221790.4412,6650.0,0.997,Buy
1585221801.4429,6651.5,0.136,Buy
1585221812.7316,6652.5,0.05,Buy
1585221817.3496,6651.0,0.572,Buy
1585221844.3513,6650.5,0.956,Sell
1585221871.3556,6650.5,0.006,Buy
1585221898.3573,6648.5,0.571,Sell
1585221925.3651,6648.5,0.487,Sell
1585221927.3697,6647.5,0.265,Buy
1585221932.1973,6647.5,0.05,Sell
1585221937.3503,6646.5,0.511,Buy
1585222037.3633,6652.5,0.926,Buy
1585222044.2858,6653.0,0.026,Buy
1585222047.3679,6652.5,0.021,Buy
1585222052.3697,6652.5,0.246,Buy
1585222057.3725,6652.0,0.96,Buy
1585222059.0727,6650.5,0.148,Sell
1585222075.3562,6645.5,0.148,Buy
1585222089.3771,6645.0,0.058,Buy
1585222090.2206,6643.0,0.045,Sell
1585222105.3788,6644.0,0.011,Buy
1585222121.384,6644.0,0.11,Buy
1585222125.3889,6644.0,0.637,Sell
1585222140.3907,6642.5,0.941,Sell
1585222155.3935,6641.5,0.131,Sell
1585222170.3952,6639.5,0.026,Sell
1585222170.3952,6639.5,0.22,Sell
1585222185.4021,6637.5,0.869,Sell
1585222193.2347,6639.5,3.304,Sell
1585222211.4067,6637.0,1.397,Sell
1585222218.8663,6637.0,0.025,Sell
1585222237.4153,6641.5,0.291,Sell
1585222240.3423,6642.5,0.022,Buy
1585222253.5909,6644.0,0.001,Buy
1585222259.5819,6644.0,0.001,Buy
1585222291.42,6646.5,0.629,Sell
1585222305.8894,6647.0,0.001,Sell
1585222318.4217,6646.0,0.857,Buy
1585222345.4244,6649.0,0.91,Sell
1585222369.4261,6649.5,0.754,Buy
1585222393.4306,6649.0,0.697,Sell
1585222430.5951,6651.0,0.001,Buy
1585222468.4423,6640.5,0.118,Sell
1585222468.4477,6640.0,0.001,Sell
1585222504.4468,6641.0,0.642,Sell
1585222522.4486,6638.5,0.332,Sell
1585222540.4515,6642.5,3.472,Buy
1585222541.4532,6642.0,0.825,Buy
1585222542.456,6642.0,0.156,Sell
1585222543.4577,6642.0,0.495,Sell
1585222597.3498,6643.0,0.308,Buy
1585222614.3515,6642.0,0.931,Sell
1585222648.356,6644.0,2.927,Buy
1585222665.3586,6644.5,0.236,Sell
1585222679.3603,6644.5,0.934,Sell
1585222693.3632,6644.5,0.155,Sell
1585222707.365,6645.0,1.871,Buy
1585222721.3677,6642.0,0.742,Buy
1585222745.3694,6644.0,0.514,Buy
1585222769.3723,6649.5,0.915,Sell
1585222793.374,6645.0,0.389,Buy
1585222837.3856,6648.5,0.666,Sell
1585222857.3911,6643.0,0.771,Buy
1585222861.3928,6642.0,0.017,Sell
1585222865.3959,6642.0,0.555,Sell
1585222869.3977,6644.5,4.497,Buy
1585222897.3496,6644.5,0.495,Buy
1585222911.8037,6644.0,0.15,Sell
1585222920.3513,6644.5,0.454,Sell
1585222943.354,6646.0,0.716,Buy
1585222989.3583,6647.5,0.39,Buy
1585223015.3601,6641.5,1.104,Buy
1585223041.3646,6639.0,3.777,Buy
1585223049.5577,6639.0,0.297,Sell
1585223067.3663,6635.5,0.753,Sell
1585223097.3753,6618.5,0.952,Sell
1585223097.3808,6619.5,3.0,Buy
1585223132.5486,6615.5,0.05,Sell
1585223137.3498,6611.5,2.926,Sell
1585223166.1575,6609.5,0.016,Sell
1585223166.1575,6607.0,0.279,Sell
1585223179.3449,6615.0,0.001,Sell
1585223183.3543,6615.5,0.591,Sell
1585223206.3561,6602.5,0.009,Sell
1585223210.7486,6600.5,0.04,Sell
1585223229.3648,6604.0,0.714,Sell
1585223240.3664,6607.0,0.762,Sell
1585223251.3692,6601.0,0.661,Buy
1585223262.3709,6601.0,3.579,Buy
1585223273.378,6597.5,0.316,Sell
1585223299.3796,6604.0,4.377,Sell
1585223308.8042,6613.5,0.004,Buy
1585223320.088,6603.0,0.25,Sell
1585223325.3825,6604.0,4.476,Buy
1585223332.057,6604.5,0.005,Buy
1585223351.3842,6601.0,0.957,Sell
1585223377.3922,6599.0,0.534,Buy
1585223379.3939,6596.5,0.028,Sell
1585223381.3967,6596.5,0.291,Buy
1585223383.3984,6598.0,0.388,Sell
1585223431.9547,6591.0,0.002,Sell
1585223436.0885,6590.0,0.08,Sell
1585223437.3496,6591.5,0.801,Buy
1585223439.7094,6591.0,0.001,Sell
1585223448.0006,6596.5,0.001,Sell
1585223462.3513,6594.5,2.647,Buy
1585223487.3542,6591.5,4.283,Buy
1585223512.3558,6594.0,1.541,Buy
1585223537.3597,6594.5,0.625,Buy
1585223559.367,6593.0,1.472,Buy
1585223572.3688,6592.5,0.138,Sell
1585223585.3715,6602.5,3.585,Sell
1585223598.3732,6603.5,0.981,Buy
1585223617.3496,6607.5,0.113,Buy
1585223637.3519,6601.0,0.181,Buy
1585223657.3549,6606.0,0.689,Sell
1585223677.3567,6607.5,0.855,Sell
1585223697.3593,6607.5,0.278,Sell
1585223709.3609,6604.0,0.637,Sell
1585223721.3638,6606.0,0.434,Buy
1585223745.3681,6603.5,0.314,Buy
1585223753.3698,6604.0,0.027,Buy
1585223761.3729,6603.5,0.74,Sell
1585223792.7111,6607.0,0.023,Sell
1585223797.3496,6609.0,0.47,Sell
1585223814.3513,6609.0,0.58,Buy
1585223831.354,6609.5,0.239,Sell
1585223865.3583,6604.0,3.498,Buy
1585223892.36,6606.0,0.729,Sell
1585223919.3629,6608.5,0.041,Sell
1585223973.3673,6601.5,0.61,Sell
1585223984.8326,6598.5,0.003,Sell
1585224001.369,6601.5,0.151,Buy
1585224025.7292,6592.0,0.25,Sell
1585224029.3719,6590.5,0.893,Sell
1585224029.6486,6590.0,0.1,Sell
1585224049.0487,6585.5,0.03,Sell
1585224083.6485,6578.0,0.001,Sell
1585224083.6588,6572.0,0.05,Sell
1585224085.3809,6571.5,0.973,Sell
1585224107.3826,6591.0,0.915,Buy
1585224127.8942,6587.5,0.005,Buy
1585224129.3854,6586.5,0.257,Sell
1585224151.3872,6591.5,0.561,Sell
1585224173.3899,6586.0,0.53,Sell
1585224183.2809,6591.0,1.014,Sell
1585224195.3916,6587.0,0.167,Sell
1585224217.3944,6589.0,0.003,Buy
1585224239.3971,6594.0,0.675,Sell
1585224261.3998,6596.5,0.203,Sell
1585224264.9486,6594.0,0.003,Sell
1585224289.4015,6587.5,0.877,Sell
1585224317.4044,6586.5,0.226,Sell
1585224345.4061,6591.0,1.442,Sell
1585224373.4122,6601.5,0.237,Buy
1585224378.4138,6601.0,0.7,Sell
1585224379.9932,6606.0,0.6,Buy
1585224388.4182,6606.0,0.036,Sell
1585224397.3495,6605.0,2.136,Sell
1585224414.3512,6600.5,0.222,Buy
1585224431.3539,6597.0,0.166,Sell
1585224465.3582,6602.5,0.279,Sell
1585224485.2499,6605.0,2.417,Buy
1585224485.2499,6605.0,2.583,Buy
1585224493.0436,6605.5,0.23,Buy
1585224494.3599,6604.5,0.956,Buy
1585224523.3627,6596.5,0.409,Sell
1585224552.3644,6596.5,0.005,Sell
1585224568.6741,6594.0,0.001,Buy
1585224581.3681,6592.5,0.213,Buy
1585224585.3698,6594.0,0.456,Sell
1585224589.3727,6593.0,0.931,Sell
1585224593.3744,6593.0,0.117,Sell
1585224621.9998,6598.0,0.001,Sell
1585224637.3496,6597.0,0.726,Sell
1585224666.3514,6593.5,0.249,Sell
1585224724.3559,6603.0,0.78,Sell
1585224753.363,6607.0,2.035,Sell
1585224755.3648,6605.5,0.795,Sell
1585224757.3677,6605.5,0.537,Buy
1585224759.3694,6605.5,0.833,Sell
1585224761.3719,6606.0,0.055,Buy
1585224787.3737,6602.5,0.563,Buy
1585224813.3764,6597.5,0.331,Buy
1585224839.3781,6596.0,0.992,Sell
1585224865.3862,6599.5,4.447,Buy
1585224883.3878,6601.0,0.396,Sell
1585224901.3908,6600.0,3.759,Sell
1585224914.1474,6599.5,0.001,Sell
1585224937.3969,6593.0,0.078,Buy
1585224964.3985,6585.0,0.119,Buy
1585224991.4012,6591.0,0.099,Sell
1585225018.403,6590.0,0.052,Buy
1585225045.4057,6595.0,0.635,Sell
1585225066.8487,6602.0,0.09,Buy
1585225073.4103,6615.0,0.203,Sell
1585225087.412,6624.5,0.063,Sell
1585225087.4173,6624.0,5.0,Sell
1585225101.4148,6629.0,0.378,Sell
1585225101.5297,6631.0,0.1,Buy
1585225101.5297,6630.0,0.01,Buy
1585225129.4166,6625.5,0.831,Buy
1585225157.4195,6622.5,1.119,Sell
1585225185.4211,6622.5,0.074,Buy
1585225213.4285,6624.5,0.931,Sell
1585225232.9364,6628.5,0.002,Buy
1585225247.4377,6623.5,2.108,Sell
1585225256.4488,6622.5,0.001,Sell
1585225273.3871,6616.5,0.001,Buy
1585225281.4432,6612.5,0.813,Sell
1585225286.4449,6614.5,4.138,Buy
1585225289.3063,6612.5,0.002,Sell
1585225289.4966,6613.5,3.0,Sell
1585225291.4478,6616.0,0.793,Buy
1585225296.4496,6613.0,0.306,Buy
1585225301.4522,6613.5,0.95,Sell
1585225326.4538,6611.0,0.813,Sell
1585225351.4566,6607.5,0.14,Sell
1585225376.4583,6614.0,0.717,Sell
1585225401.4609,6615.0,0.473,Buy
1585225417.4626,6606.0,0.47,Buy
1585225433.4653,6607.0,0.434,Sell
1585225443.1381,6607.0,0.012,Buy
1585225465.474,6609.0,0.875,Buy
1585225472.0111,6605.5,0.002,Buy
1585225487.4757,6597.5,0.219,Buy
1585225509.4785,6600.0,0.794,Sell
1585225531.4803,6605.5,0.775,Buy
1585225553.4849,6607.0,0.712,Sell
1585225640.4914,6601.5,0.474,Sell
1585225669.4985,6595.5,0.557,Sell
1585225683.5003,6583.5,0.72,Sell
1585225683.5058,6584.5,3.0,Buy
1585225697.5031,6590.0,0.536,Buy
1585225711.5048,6597.0,0.76,Sell
1585225725.5076,6596.0,0.404,Sell
1585225742.5094,6590.5,0.743,Sell
1585225776.5141,6595.0,0.516,Sell
1585225818.5187,6583.5,0.019,Buy
1585225843.5216,6602.0,0.132,Buy
1585225868.5233,6612.5,0.732,Sell
1585225893.5318,6614.5,0.483,Buy
1585225897.7346,6617.5,0.075,Buy
1585225899.4032,6621.5,3.891,Buy
1585225899.4032,6622.0,1.109,Buy
1585225912.4569,6622.5,0.295,Buy
1585225919.5335,6619.0,0.654,Buy
1585225938.1504,6614.5,0.27,Buy
1585225945.5363,6612.0,0.652,Sell
1585225948.9896,6612.5,0.1,Sell
1585225963.0594,6608.0,0.05,Buy
1585225997.545,6605.0,0.587,Buy
1585226045.5494,6613.0,0.215,Buy
1585226057.7486,6615.0,0.1,Buy
1585226069.5512,6617.0,0.253,Buy
1585226093.5595,6610.5,0.81,Sell
1585226108.3718,6614.0,0.045,Buy
1585226114.5612,6614.5,0.118,Sell
1585226183.5702,6605.5,0.323,Sell
1585226189.573,6606.5,0.581,Sell
1585226195.5747,6610.5,0.783,Buy
1585226208.5802,6612.5,0.314,Sell
1585226222.585,6613.5,0.959,Buy
1585226257.3496,6612.5,0.963,Sell
1585226271.3513,6618.5,0.958,Sell
1585226285.3542,6617.5,0.436,Sell
1585226299.3559,6618.5,0.461,Sell
1585226317.3497,6619.5,0.118,Buy
1585226339.3514,6617.5,0.172,Sell
1585226361.3542,6621.0,0.989,Buy
1585226383.3559,6627.5,0.693,Buy
1585226385.1375,6627.0,0.087,Sell
1585226405.3644,6624.5,0.385,Sell
1585226411.3661,6623.0,0.681,Sell
1585226417.369,6623.0,0.976,Sell
1585226423.3707,6624.5,0.658,Buy
1585226455.3514,6622.5,0.873,Sell
1585226473.3542,6617.0,0.423,Buy
1585226491.3559,6622.0,0.103,Sell
1585226509.3584,6623.5,0.435,Buy
1585226533.3602,6624.0,0.989,Sell
1585226557.3631,6615.5,0.989,Buy
1585226581.3648,6609.0,0.719,Sell
1585226605.372,6615.5,0.37,Sell
1585226607.8506,6615.5,0.002,Sell
1585226624.3737,6608.5,4.197,Buy
1585226643.3764,6612.0,0.172,Sell
1585226662.3781,6612.5,0.789,Sell
1585226681.3808,6614.5,1.671,Sell
1585226687.3825,6611.0,0.397,Sell
1585226693.3854,6610.0,0.561,Buy
1585226699.3871,6610.0,0.848,Buy
1585226737.3501,6605.5,0.622,Sell
1585226741.3518,6607.0,0.773,Sell
1585226749.3563,6607.5,0.389,Sell
1585226797.3495,6606.5,0.038,Buy
1585226803.3512,6606.5,0.908,Sell
1585226809.3541,6607.0,0.234,Sell
1585226815.3558,6606.5,0.633,Sell
1585226815.6019,6607.0,0.04,Buy
1585226885.3514,6607.5,0.847,Buy
1585226901.268,6609.0,0.001,Buy
1585226901.268,6611.0,0.009,Buy
1585226913.354,6612.5,0.931,Buy
1585226914.1418,6613.0,0.087,Buy
1585226935.7273,6612.5,0.01,Sell
1585226969.3584,6610.5,0.734,Buy
1585226979.0646,6612.5,0.001,Sell
1585226993.365,6612.5,0.838,Buy
1585227004.2486,6608.0,0.001,Sell
1585227045.3712,6608.5,0.673,Sell
1585227073.374,6604.5,0.744,Sell
1585227101.3758,6607.0,0.864,Sell
1585227129.3796,6600.0,0.565,Sell
1585227132.3812,6600.0,0.229,Sell
1585227135.384,6600.5,2.937,Sell
1585227157.3495,6599.5,0.274,Sell
1585227171.3511,6602.5,0.948,Sell
1585227185.354,6605.5,2.2,Sell
1585227199.3557,6602.0,0.146,Sell
1585227217.3496,6604.0,0.283,Buy
1585227246.3514,6601.0,0.8,Sell
1585227275.3542,6602.5,1.868,Buy
1585227333.3647,6610.0,0.732,Buy
1585227351.3664,6611.5,0.362,Sell
1585227369.3692,6611.5,0.394,Sell
1585227387.3709,6614.5,0.069,Sell
1585227405.3781,6615.5,0.459,Sell
1585227414.3799,6612.0,0.61,Sell
1585227423.3827,6619.0,0.111,Buy
1585227432.3844,6620.5,0.6,Sell
1585227457.3495,6622.0,3.382,Sell
1585227459.3512,6622.0,0.386,Buy
1585227461.354,6621.5,0.012,Sell
1585227463.3557,6619.5,0.903,Sell
1585227517.3497,6619.0,0.075,Sell
1585227542.3513,6621.5,0.495,Sell
1585227567.354,6615.0,0.496,Sell
1585227592.3557,6620.5,0.247,Buy
1585227643.36,6617.0,0.616,Buy
1585227669.3629,6615.5,0.792,Sell
1585227695.3646,6609.5,0.335,Sell
1585227721.3728,6610.0,0.958,Sell
1585227725.3744,6610.0,0.841,Sell
1585227729.3773,6611.5,0.258,Sell
1585227733.379,6613.5,0.713,Sell
1585227757.3503,6610.5,0.812,Buy
1585227763.352,6610.5,0.342,Sell
1585227769.3547,6610.5,0.714,Buy
1585227775.3564,6610.5,0.554,Sell
1585227817.3496,6618.5,2.551,Buy
1585227819.3513,6618.5,0.011,Sell
1585227821.354,6618.5,0.711,Sell
1585227823.3556,6619.0,0.282,Buy
1585227877.3496,6620.5,0.786,Sell
1585227901.3513,6622.0,0.876,Sell
1585227920.3514,6623.0,0.001,Buy
1585227925.3541,6622.5,0.539,Sell
1585227932.0267,6621.0,0.001,Sell
1585227949.3559,6621.0,0.723,Buy
1585227973.3585,6622.0,0.593,Buy
1585227985.3602,6622.0,0.476,Sell
1585227997.363,6622.5,0.875,Buy
1585228021.3726,6622.5,0.95,Sell
1585228033.6486,6623.0,0.001,Buy
1585228033.921,6624.0,0.001,Sell
1585228036.3134,6624.5,0.001,Buy
1585228043.0487,6624.5,0.029,Buy
1585228044.6486,6628.0,0.002,Buy
1585228048.3742,6634.0,0.483,Sell
1585228075.377,6632.5,0.011,Buy
1585228102.3787,6624.0,0.113,Sell
1585228129.3857,6622.5,0.436,Buy
1585228132.1485,6622.0,0.001,Sell
1585228144.3874,6618.0,0.556,Buy
1585228158.8109,6618.0,0.021,Sell
1585228159.3903,6618.0,0.758,Buy
1585228174.392,6624.5,0.948,Buy
1585228189.3947,6623.5,0.392,Sell
1585228219.3991,6625.0,0.669,Sell
1585228234.4008,6626.0,0.181,Sell
1585228249.4047,6622.0,0.761,Buy
1585228261.0086,6620.0,0.005,Sell
1585228273.4064,6620.5,0.783,Sell
1585228277.8738,6621.5,1.0,Buy
1585228297.4091,6621.5,0.778,Sell
1585228300.3486,6622.0,0.034,Buy
1585228321.4108,6619.0,0.49,Buy
1585228345.4138,6623.0,0.541,Buy
1585228365.4155,6621.5,2.608,Sell
1585228385.4184,6623.0,0.061,Sell
1585228425.4267,6625.5,0.268,Buy
1585228428.4284,6625.0,0.656,Sell
1585228431.4313,6626.0,0.49,Sell
1585228434.4331,6625.5,0.768,Sell
1585228440.1529,6628.0,1.014,Buy
1585228477.3496,6624.0,2.059,Buy
1585228505.3513,6624.5,0.892,Sell
1585228543.1486,6624.5,0.013,Sell
1585228561.3556,6614.0,0.983,Sell
1585228589.3594,6611.5,0.131,Sell
1585228606.3611,6614.0,0.844,Sell
1585228623.3639,6614.0,1.82,Sell
1585228640.3656,6612.5,0.869,Sell
1585228665.37,6612.5,0.144,Sell
1585228673.3732,6615.0,0.52,Sell
1585228681.3748,6616.5,0.492,Sell
1585228717.3497,6622.0,0.669,Sell
1585228737.3514,6622.0,0.989,Buy
1585228757.3542,6622.5,0.902,Buy
1585228777.3559,6622.5,0.485,Sell
1585228797.3639,6622.5,0.247,Sell
1585228813.3656,6622.5,0.933,Sell
1585228829.3692,6620.5,0.552,Buy
1585228861.3738,6620.0,0.257,Sell
1585228862.3755,6620.0,3.281,Sell
1585228863.3782,6620.0,0.312,Buy
1585228864.38,6620.0,0.326,Buy
1585228897.3497,6623.5,0.676,Buy
1585228912.3513,6619.0,0.073,Sell
1585228927.3541,6616.5,0.296,Sell
1585228957.3585,6617.5,0.701,Sell
1585228968.3602,6617.5,0.865,Sell
1585228979.3629,6614.5,0.715,Sell
1585228990.3646,6619.5,4.941,Sell
1585229017.3496,6628.5,0.113,Sell
1585229027.1853,6629.0,0.005,Buy
1585229045.3512,6625.5,0.987,Buy
1585229061.553,6627.0,0.56,Buy
1585229073.354,6628.0,1.528,Buy
1585229101.3558,6628.0,0.117,Buy
1585229129.3637,6627.5,3.403,Sell
1585229143.3655,6628.5,3.863,Buy
1585229157.3683,6633.5,0.073,Sell
1585229162.1064,6639.5,0.004,Buy
1585229164.3487,6642.0,0.01,Buy
1585229167.5486,6644.0,0.012,Buy
1585229171.3701,6646.5,0.076,Buy
1585229185.377,6641.0,2.754,Sell
1585229201.3787,6646.5,1.869,Buy
1585229213.8486,6650.0,0.164,Buy
1585229213.8546,6649.5,1.0,Sell
1585229213.9487,6650.0,0.086,Buy
1585229233.3832,6648.5,0.257,Sell
1585229249.3858,6643.5,0.527,Sell
1585229285.3904,6645.0,0.532,Sell
1585229321.3963,6647.0,0.626,Sell
1585229346.4053,6640.0,0.106,Sell
1585229368.4069,6638.0,0.357,Sell
1585229390.4099,6631.5,0.842,Sell
1585229412.4116,6639.5,0.734,Sell
1585229425.3487,6641.0,0.04,Buy
1585229434.4142,6646.0,0.712,Sell
1585229439.4159,6645.5,0.371,Sell
1585229444.4188,6647.5,1.654,Buy
1585229454.4287,6656.5,0.846,Buy
1585229474.4332,6674.0,0.213,Buy
1585229474.4386,6675.5,0.75,Buy
1585229474.4456,6675.5,1.0,Buy
1585229484.6143,6668.0,0.009,Sell
1585229497.3496,6667.0,0.201,Sell
1585229498.4087,6665.0,0.028,Sell
1585229508.3512,6667.0,0.108,Sell
1585229519.3539,6668.5,0.599,Buy
1585229545.2504,6637.0,0.01,Sell
1585229554.9501,6595.0,0.02,Sell
1585229555.033,6596.0,0.026,Sell
1585229557.3496,6607.5,0.426,Sell
1585229571.3512,6606.5,0.289,Sell
1585229573.9676,6610.5,0.009,Buy
1585229579.5775,6600.0,0.062,Buy
1585229585.3539,6603.5,0.704,Buy
1585229591.9867,6580.0,0.014,Sell
1585229591.9867,6580.0,0.01,Sell
1585229591.9867,6583.0,0.076,Sell
1585229595.3485,6570.0,0.04,Sell
1585229595.4453,6568.0,0.001,Sell
1585229595.4453,6568.0,0.001,Sell
1585229596.5486,6568.0,0.001,Sell
1585229599.3556,6553.5,0.111,Buy
1585229599.8324,6550.5,0.109,Sell
1585229599.8327,6550.5,0.084,Sell
1585229600.1486,6550.0,0.048,Sell
1585229600.1486,6550.0,0.07,Sell
1585229600.8216,6541.5,0.3,Sell
1585229600.9162,6542.0,0.932,Sell
1585229601.7487,6540.0,0.129,Sell
1585229601.7537,6535.0,0.013,Sell
1585229601.8397,6535.0,2.0,Sell
1585229603.8311,6531.0,0.319,Sell
1585229603.8427,6531.0,0.039,Sell
1585229604.8447,6527.5,1.0,Sell
1585229605.7962,6525.0,2.725,Buy
1585229609.8554,6512.0,0.001,Sell
1585229617.3496,6521.5,0.91,Sell
1585229630.3513,6552.0,0.972,Buy
1585229640.8035,6535.0,2.371,Buy
1585229640.8035,6535.5,0.714,Buy
1585229643.0433,6521.0,1.013,Sell
1585229643.3541,6519.0,0.515,Sell
1585229656.3558,6534.5,2.239,Buy
1585229659.1074,6535.0,1.667,Buy
1585229659.1074,6535.5,1.085,Buy
1585229664.9717,6522.5,0.001,Sell
1585229664.9717,6522.5,2.27,Sell
1585229664.9717,6522.0,0.954,Sell
1585229664.9717,6522.5,1.775,Sell
1585229668.8476,6520.0,1.961,Sell
1585229668.8476,6520.5,2.837,Sell
1585229668.8476,6520.0,0.202,Sell
1585229674.1726,6520.5,2.119,Sell
1585229674.1726,6521.0,2.881,Sell
1585229677.2838,6533.5,0.038,Buy
1585229677.3496,6531.5,2.803,Sell
1585229699.3513,6538.5,2.113,Sell
1585229721.2583,6544.5,0.001,Buy
1585229721.2583,6545.0,4.12,Buy
1585229721.2583,6545.5,0.879,Buy
1585229721.3539,6543.5,0.352,Buy
1585229722.8805,6549.0,5.0,Buy
1585229725.0051,6552.0,0.496,Buy
1585229725.0051,6551.5,3.458,Buy
1585229725.0051,6552.0,1.046,Buy
1585229727.5775,6563.5,5.0,Buy
1585229731.8192,6562.0,5.0,Buy
1585229738.1686,6560.5,0.013,Buy
1585229743.3557,6558.0,0.962,Sell
1585229765.3583,6546.0,0.6,Sell
1585229788.36,6573.0,0.462,Sell
1585229794.1225,6592.5,1.013,Buy
1585229818.5502,6581.5,0.03,Buy
1585229834.3646,6577.0,0.175,Sell
1585229835.9941,6575.0,0.013,Sell
1585229856.5381,6577.0,0.1,Buy
1585229857.3684,6578.5,0.701,Sell
1585229870.3702,6581.5,0.678,Sell
1585229887.7404,6586.5,0.088,Buy
1585229896.3754,6586.0,0.624,Sell
1585229898.5804,6584.0,0.034,Sell
1585229898.5804,6585.0,0.001,Sell
1585229905.7432,6572.5,0.15,Sell
1585229917.4487,6570.0,0.001,Sell
1585229934.3512,6581.0,0.87,Sell
1585229951.354,6581.5,0.626,Buy
1585229968.3557,6576.5,0.934,Buy
1585229985.3583,6577.5,0.877,Sell
1585230002.36,6570.5,0.832,Sell
1585230003.6485,6570.0,0.165,Sell
1585230008.6779,6571.5,0.417,Sell
1585230016.5486,6580.0,0.001,Buy
1585230019.3628,6579.0,0.816,Sell
1585230027.6485,6586.0,0.001,Buy
1585230028.2487,6590.0,0.038,Buy
1585230028.2538,6589.5,0.165,Sell
1585230036.3645,6592.0,0.683,Sell
1585230044.7485,6590.0,0.458,Sell
1585230044.8486,6590.0,0.1,Sell
1585230045.0487,6590.0,0.829,Sell
1585230045.2486,6590.0,0.867,Sell
1585230045.3492,6590.0,2.246,Sell
1585230053.3727,6586.0,0.656,Sell
1585230060.9269,6590.0,1.0,Buy
1585230065.3744,6590.5,0.501,Sell
1585230066.3518,6591.0,0.15,Buy
1585230077.3772,6602.0,0.839,Sell
1585230081.7051,6602.5,0.134,Sell
1585230089.3789,6606.0,0.579,Buy
1585230101.3817,6594.0,0.376,Sell
1585230128.3833,6584.0,0.86,Buy
1585230155.3862,6594.5,0.653,Sell
1585230182.3878,6599.0,0.379,Sell
1585230209.3905,6588.5,0.736,Buy
1585230224.3922,6588.5,0.229,Buy
1585230239.395,6587.0,0.222,Buy
1585230254.3967,6595.5,0.479,Buy
1585230257.1511,6597.5,0.001,Buy
1585230269.3994,6596.5,0.299,Sell
1585230298.4012,6587.0,0.061,Sell
1585230327.4039,6594.5,0.184,Sell
1585230350.4283,6591.5,0.07,Sell
1585230356.4057,6595.0,0.139,Buy
1585230369.7671,6594.0,0.01,Buy
1585230385.4096,6588.0,3.068,Buy
1585230386.4113,6586.5,0.172,Sell
1585230387.4141,6586.5,0.687,Sell
1585230388.4159,6586.5,0.51,Sell
1585230397.3497,6584.5,0.334,Sell
1585230425.3514,6583.5,2.095,Sell
1585230453.3542,6595.5,2.382,Sell
1585230465.592,6613.5,0.035,Buy
1585230465.5923,6613.0,0.01,Sell
1585230481.3559,6612.0,0.72,Buy
1585230509.3627,6603.5,0.206,Sell
1585230510.0263,6605.5,0.01,Buy
1585230514.3644,6602.5,0.87,Sell
1585230519.3672,6599.0,2.952,Sell
1585230524.3688,6603.5,0.593,Sell
1585230529.3715,6602.5,0.595,Sell
1585230530.3732,6608.5,1.343,Sell
1585230531.3759,6609.0,0.746,Sell
1585230532.3777,6607.5,0.589,Buy
1585230545.151,6611.5,0.001,Buy
1585230564.3716,6603.5,0.04,Sell
1585230566.8548,6606.5,0.088,Sell
1585230577.3496,6597.0,0.432,Buy
1585230592.3512,6597.0,0.819,Buy
1585230607.354,6605.5,0.138,Buy
1585230622.3557,6600.0,0.358,Buy
1585230625.0277,6597.0,0.127,Sell
1585230637.3581,6601.5,0.059,Buy
1585230652.3599,6590.5,0.901,Buy
1585230667.3627,6592.0,0.501,Buy
1585230682.3645,6590.5,0.066,Buy
1585230684.7556,6591.0,0.09,Buy
1585230685.2485,6590.0,0.001,Sell
1585230685.3485,6589.5,0.001,Sell
1585230688.1631,6588.5,0.995,Sell
1585230697.3725,6590.0,0.165,Buy
1585230699.3616,6595.5,0.11,Sell
1585230700.755,6598.5,0.019,Sell
1585230747.3771,6601.0,0.273,Buy
1585230797.3815,6601.5,1.634,Buy
1585230811.0433,6598.5,0.05,Buy
1585230823.3832,6599.0,0.661,Buy
1585230875.3878,6606.0,0.491,Sell
1585230875.3929,6607.5,0.152,Buy
1585230901.395,6606.5,0.25,Sell
1585230906.3967,6608.0,0.219,Sell
1585230911.3995,6613.0,0.308,Sell
1585230916.4012,6615.5,0.244,Sell
1585230930.3458,6628.0,0.244,Buy
1585230930.3479,6628.0,0.417,Buy
1585230937.3497,6621.5,0.493,Sell
1585230954.7746,6617.5,0.09,Sell
1585230959.3542,6613.0,1.645,Buy
1585230997.3496,6618.5,0.883,Sell
1585231005.3513,6615.5,0.137,Buy
1585231013.3538,6613.5,0.037,Buy
1585231021.3555,6615.5,0.233,Sell
1585231057.3496,6632.5,0.656,Sell
1585231061.2708,6633.0,0.022,Buy
1585231076.3513,6623.0,0.914,Sell
1585231085.6919,6624.0,0.145,Buy
1585231095.354,6621.5,0.674,Buy
1585231114.3557,6624.5,0.097,Sell
1585231133.3626,6623.5,0.246,Sell
1585231142.3643,6631.0,3.312,Sell
1585231143.1098,6632.0,0.25,Buy
1585231160.3715,6635.5,3.397,Buy
1585231177.3496,6633.0,0.728,Buy
1585231189.3512,6626.5,0.89,Sell
1585231201.3541,6625.5,0.924,Buy
1585231212.6903,6622.0,0.229,Sell
1585231213.3557,6621.5,0.172,Sell
1585231237.3496,6619.0,0.159,Buy
1585231242.3513,6622.0,0.47,Buy
1585231247.354,6617.5,0.164,Sell
