1585132572.9822,6500.0,0.001,Sell
1585133056.4767,6500.0,0.001,Buy
1585133594.5251,6588.0,0.001,Buy
1585133839.5423,6591.5,0.001,Sell
1585134157.3596,6603.5,0.001,Buy
1585134292.7629,6606.5,0.001,Buy
1585134321.0423,6601.5,0.001,Buy
1585134341.2396,6608.5,0.001,Buy
1585134458.0049,6617.5,0.001,Buy
1585134467.2696,6616.0,0.001,Sell
1585134469.2691,6617.0,0.002,Sell
1585134470.2729,6617.0,0.005,Sell
1585134489.2811,6619.5,0.009,Sell
1585134492.2936,6622.5,0.001,Buy
1585134509.2688,6618.0,0.018,Sell
1585134510.2705,6618.5,0.021,Sell
1585134512.2771,6618.5,0.002,Buy
1585134529.2667,6614.0,0.057,Sell
1585134530.2683,6613.5,0.06,Sell
1585134531.2711,6614.0,0.003,Sell
1585134532.2729,6614.0,0.004,Buy
1585134550.2682,6617.0,0.148,Sell
1585134569.2667,6619.5,0.029,Sell
1585134570.2684,6618.5,0.325,Sell
1585134571.2712,6617.0,0.01,Buy
1585134572.2729,6617.5,0.011,Sell
1585134589.2667,6607.0,0.53,Sell
1585134591.2711,6607.5,0.031,Sell
1585134592.2728,6606.5,0.032,Sell
1585134609.2667,6606.0,0.274,Buy
1585134610.2683,6606.5,0.158,Sell
1585134611.2711,6601.0,0.062,Sell
1585134612.2728,6599.0,0.095,Buy
1585134629.2667,6602.0,0.863,Buy
1585134630.2683,6599.5,0.34,Sell
1585134631.2711,6599.0,0.064,Sell
1585134632.2729,6599.0,0.252,Buy
1585134649.2666,6598.5,0.604,Buy
1585134650.2682,6596.0,0.876,Sell
1585134651.2713,6594.5,0.3,Sell
1585134669.2667,6586.0,0.769,Sell
1585134670.2682,6586.0,0.73,Sell
1585134672.2727,6590.0,0.308,Sell
1585134691.2703,6597.0,0.658,Sell
1585134692.272,6597.5,0.817,Buy
1585134709.2667,6602.0,0.953,Buy
1585134710.2684,6601.0,0.512,Sell
1585134711.2711,6600.5,0.363,Sell
1585134729.2667,6601.0,0.624,Buy
1585134730.2684,6599.0,0.764,Sell
1585134731.2712,6597.5,0.496,Sell
1585134749.2667,6589.0,0.966,Buy
1585134750.2683,6589.0,0.546,Buy
1585134751.2711,6592.0,0.893,Sell
1585134752.2728,6590.5,0.031,Buy
1585134769.2668,6591.5,3.604,Buy
1585134770.2685,6591.5,0.712,Sell
1585134771.2712,6590.5,0.444,Sell
1585134772.2729,6590.5,0.906,Sell
1585134789.2667,6594.0,0.172,Sell
1585134790.2684,6594.0,0.728,Buy
1585134791.2711,6596.5,0.372,Buy
1585134792.2729,6596.5,0.308,Sell
1585134809.2668,6591.5,0.099,Buy
1585134810.2684,6591.5,0.178,Buy
1585134811.2711,6591.0,0.108,Sell
1585134812.2728,6592.0,0.252,Sell
1585134829.2667,6594.0,0.139,Buy
1585134830.2684,6593.5,0.337,Buy
1585134831.2712,6594.5,0.843,Sell
1585134832.2729,6593.0,0.923,Sell
1585134849.2667,6591.0,4.255,Buy
1585134850.2683,6591.0,0.557,Buy
1585134851.2711,6591.0,0.657,Sell
1585134852.2728,6587.5,0.811,Sell
1585134869.2667,6588.5,0.435,Buy
1585134870.2684,6587.0,0.674,Sell
1585134871.2712,6585.5,2.633,Sell
1585134872.2729,6587.5,0.92,Sell
1585134891.2711,6591.0,1.92,Buy
1585134892.2728,6590.5,0.194,Sell
1585134909.2667,6588.5,4.773,Buy
1585134910.2683,6590.0,0.97,Buy
1585134911.2726,6590.0,2.588,Buy
1585134912.2744,6590.0,4.14,Sell
1585134929.2667,6592.5,0.001,Buy
1585134930.2683,6595.0,0.913,Buy
1585134931.2711,6596.0,1.574,Sell
1585134932.2728,6597.5,0.363,Sell
1585134949.2667,6601.0,0.777,Buy
1585134950.2684,6604.0,1.281,Buy
1585134951.2711,6605.0,0.698,Sell
1585134952.2729,6604.0,0.87,Sell
1585134969.2666,6607.0,0.777,Buy
1585134971.271,6607.0,0.877,Buy
1585134972.2727,6607.0,0.64,Sell
1585134989.2671,6609.5,0.654,Sell
1585134990.2687,6608.5,0.856,Buy
1585134991.2715,6609.5,0.531,Buy
1585134992.2732,6608.5,0.092,Buy
1585135009.2667,6602.5,1.999,Sell
1585135010.2684,6600.5,0.77,Buy
1585135011.2712,6600.5,0.976,Buy
1585135012.2728,6600.5,0.812,Buy
1585135016.7034,6602.5,0.001,Buy
1585135026.4843,6603.5,0.001,Sell
1585135029.2667,6606.5,0.4,Sell
1585135030.2683,6606.0,0.41,Buy
1585135032.2728,6607.5,0.81,Sell
1585135049.2666,6608.0,0.358,Sell
1585135051.271,6604.5,0.746,Buy
1585135052.2727,6605.5,0.571,Sell
1585135069.2666,6599.0,0.354,Sell
1585135070.2683,6599.0,0.329,Buy
1585135071.2709,6599.0,0.015,Buy
1585135090.2684,6608.0,0.513,Sell
1585135091.2711,6609.0,0.604,Buy
1585135092.2728,6613.0,0.712,Sell
1585135109.2673,6617.0,0.614,Sell
1585135110.269,6616.5,0.052,Sell
1585135111.2718,6614.5,0.914,Buy
1585135112.2734,6616.0,0.568,Buy
1585135129.2667,6614.5,0.878,Sell
1585135130.2685,6612.5,0.197,Buy
1585135131.2714,6613.5,0.318,Buy
1585135132.2732,6613.5,0.663,Buy
1585135149.2666,6607.0,0.374,Sell
1585135150.2683,6607.0,0.605,Buy
1585135151.271,6606.5,0.2,Buy
1585135152.2727,6606.5,0.795,Buy
1585135169.2667,6606.0,2.945,Sell
1585135170.2683,6605.0,0.2,Buy
1585135171.2711,6604.0,0.592,Sell
1585135172.2729,6605.5,0.138,Buy
1585135189.2666,6610.5,0.629,Sell
1585135190.2682,6611.0,0.192,Sell
1585135191.2709,6611.0,2.042,Sell
1585135192.2728,6610.0,0.328,Buy
1585135209.2667,6606.5,0.739,Sell
1585135210.2683,6607.5,2.874,Sell
1585135211.271,6607.5,0.996,Buy
1585135212.2727,6607.5,0.113,Buy
1585135229.2667,6595.5,0.949,Sell
1585135230.2683,6595.5,0.507,Sell
1585135231.2711,6596.0,0.354,Buy
1585135232.2728,6594.5,0.069,Buy
1585135249.2667,6596.0,0.799,Sell
1585135250.2683,6596.0,4.374,Buy
1585135252.2727,6599.5,0.74,Buy
1585135269.2667,6605.0,0.995,Sell
1585135270.2683,6605.0,0.085,Sell
1585135272.2727,6601.0,0.9,Buy
1585135289.2666,6600.0,3.605,Sell
1585135290.2683,6599.5,0.223,Sell
1585135291.2711,6600.5,0.314,Sell
1585135292.2728,6601.5,0.914,Buy
1585135309.2667,6606.5,0.035,Buy
1585135310.2684,6605.5,0.885,Sell
1585135311.2711,6606.0,0.156,Sell
1585135312.2729,6604.5,0.797,Buy
1585135329.2668,6608.5,2.819,Sell
1585135330.2685,6607.5,0.913,Sell
1585135331.2713,6607.5,0.15,Sell
1585135332.273,6609.0,0.869,Buy
1585135349.2667,6603.5,0.934,Buy
1585135350.2683,6603.0,0.696,Sell
1585135351.2711,6603.0,0.467,Sell
1585135352.2729,6603.5,0.923,Sell
1585135369.2667,6601.5,0.356,Sell
1585135370.2683,6601.5,0.552,Buy
1585135371.271,6602.5,0.702,Sell
1585135372.2728,6602.5,0.127,Buy
1585135389.2668,6598.0,0.614,Buy
1585135390.2685,6596.5,0.599,Sell
1585135391.2713,6598.0,0.95,Sell
1585135392.2729,6600.5,2.379,Sell
1585135409.2665,6601.0,0.167,Sell
1585135410.2682,6605.0,0.621,Sell
1585135411.2709,6607.0,0.947,Sell
1585135412.2726,6608.0,0.07,Sell
1585135430.2682,6610.5,0.949,Sell
1585135431.2709,6607.0,0.992,Sell
1585135432.2726,6606.5,0.991,Buy
1585135449.2666,6609.5,0.933,Sell
1585135450.2683,6609.0,0.83,Sell
1585135451.271,6610.0,0.991,Buy
1585135452.2727,6611.0,0.527,Sell
1585135469.2667,6612.5,0.475,Sell
1585135470.2683,6613.0,0.651,Buy
1585135471.271,6614.0,0.444,Sell
1585135472.2727,6614.0,0.152,Sell
1585135489.2668,6615.0,0.25,Buy
1585135490.2685,6615.0,0.248,Buy
1585135491.2712,6614.0,0.023,Sell
1585135492.273,6613.0,0.785,Buy
1585135509.2665,6618.0,0.303,Buy
1585135510.2681,6621.5,0.645,Buy
1585135511.2709,6622.5,0.429,Sell
1585135512.2725,6620.0,0.866,Buy
1585135529.2667,6619.0,4.742,Buy
1585135530.2684,6620.0,0.23,Sell
1585135531.2711,6619.5,0.086,Sell
1585135549.2667,6620.5,0.495,Buy
1585135550.2683,6621.0,0.928,Sell
1585135551.2709,6621.0,0.829,Buy
1585135552.2725,6621.5,0.541,Sell
1585135567.7801,6628.5,0.001,Buy
1585135569.2667,6627.0,0.578,Buy
1585135570.2684,6626.0,2.374,Buy
1585135571.2723,6626.5,0.243,Buy
1585135572.2739,6628.5,1.754,Sell
1585135585.756,6623.5,0.001,Sell
1585135589.2667,6623.5,0.271,Buy
1585135590.2684,6618.5,0.985,Buy
1585135591.2712,6618.0,0.584,Buy
1585135592.2728,6617.0,0.628,Sell
1585135609.2667,6619.0,2.098,Buy
1585135610.2683,6618.0,0.264,Buy
1585135611.2717,6618.0,0.722,Buy
1585135612.2734,6618.0,0.081,Sell
1585135629.2668,6609.5,1.697,Buy
1585135630.2685,6608.5,0.136,Buy
1585135631.2712,6608.5,0.883,Buy
1585135632.2729,6608.5,0.624,Buy
1585135650.2684,6607.5,0.284,Sell
1585135650.2684,6607.5,0.16,Sell
1585135651.2718,6609.5,0.734,Sell
1585135652.2735,6613.0,0.269,Buy
1585135669.2667,6609.5,0.775,Buy
1585135670.2683,6609.5,4.072,Buy
1585135671.2711,6609.0,2.312,Sell
1585135672.2728,6609.5,0.874,Sell
1585135689.2666,6608.5,0.634,Sell
1585135690.2683,6608.5,0.216,Buy
1585135691.271,6609.5,0.407,Sell
1585135692.2727,6608.5,0.42,Sell
1585135709.2665,6608.0,0.224,Sell
1585135710.2681,6608.0,0.545,Sell
1585135712.2727,6608.5,0.234,Sell
1585135729.2667,6606.0,0.255,Buy
1585135730.2684,6607.0,0.373,Buy
1585135731.2711,6608.0,0.644,Buy
1585135732.273,6608.0,0.569,Sell
1585135749.2667,6613.5,0.532,Buy
1585135750.2684,6613.0,0.719,Buy
1585135751.2711,6614.0,0.453,Buy
1585135752.2728,6616.5,0.992,Sell
1585135770.2683,6618.5,0.027,Sell
1585135770.2683,6618.5,3.439,Sell
1585135771.2712,6619.0,0.494,Buy
1585135789.2667,6617.5,0.186,Sell
1585135791.2711,6618.0,0.986,Buy
1585135792.2728,6618.0,1.972,Sell
1585135809.2666,6613.0,0.342,Sell
1585135810.2683,6613.0,0.028,Buy
1585135811.271,6613.0,0.273,Buy
1585135812.2727,6613.5,0.047,Sell
1585135829.2667,6614.0,0.515,Sell
1585135830.2683,6614.0,0.63,Buy
1585135831.2711,6614.5,0.829,Buy
1585135849.2672,6614.5,0.47,Buy
1585135851.2714,6615.5,0.539,Sell
1585135852.2731,6616.0,0.846,Sell
1585135869.2667,6616.5,0.927,Sell
1585135870.2683,6616.5,0.67,Sell
1585135871.2711,6616.5,0.753,Buy
1585135872.2727,6615.0,0.262,Sell
1585135889.2667,6605.5,0.798,Sell
1585135890.2684,6599.5,0.168,Sell
1585135909.2667,6602.5,0.344,Sell
1585135910.2683,6601.0,4.953,Sell
1585135911.271,6601.0,0.373,Buy
1585135912.2728,6602.0,0.682,Buy
1585135929.2667,6606.0,3.027,Sell
1585135930.2685,6606.5,0.488,Sell
1585135931.2712,6605.0,1.306,Buy
1585135932.2731,6604.5,0.25,Buy
1585135949.2667,6602.5,0.307,Sell
1585135950.2684,6602.0,0.261,Sell
1585135952.2728,6602.5,0.334,Buy
1585135969.2666,6594.0,0.313,Sell
1585135970.2683,6594.5,0.431,Sell
1585135971.271,6594.5,0.422,Buy
1585135972.2727,6594.5,0.067,Buy
1585135989.2667,6585.0,0.46,Sell
1585135990.2683,6587.0,2.125,Sell
1585135991.271,6590.5,0.276,Sell
1585136009.2666,6588.0,0.489,Sell
1585136010.2683,6587.0,0.484,Sell
1585136011.2713,6590.0,0.579,Sell
1585136029.2667,6583.0,0.724,Sell
1585136030.2683,6587.0,0.222,Sell
1585136032.2727,6586.0,0.355,Sell
1585136049.2667,6568.5,0.043,Sell
1585136050.2684,6573.0,0.409,Buy
1585136051.2711,6569.5,0.377,Sell
1585136052.2728,6570.5,0.571,Sell
1585136069.2667,6570.0,0.309,Buy
1585136070.2683,6571.5,0.764,Sell
1585136071.2711,6572.0,0.546,Sell
1585136089.2667,6575.5,0.753,Buy
1585136090.2684,6575.5,0.532,Sell
1585136091.2712,6576.0,0.63,Sell
1585136109.2675,6578.5,4.123,Buy
1585136110.2692,6578.5,0.508,Sell
1585136111.2719,6582.0,0.581,Sell
1585136129.2666,6584.0,0.99,Buy
1585136130.2683,6584.0,0.916,Sell
1585136131.2711,6584.0,0.114,Sell
1585136149.2666,6573.0,0.358,Sell
1585136150.2682,6577.0,0.693,Buy
1585136151.271,6578.0,0.584,Sell
1585136152.2726,6577.5,2.821,Sell
1585136170.2683,6571.0,0.737,Sell
1585136171.271,6571.0,0.834,Sell
1585136172.2726,6571.0,0.751,Sell
1585136189.2669,6571.5,0.141,Buy
1585136190.2686,6571.0,0.804,Sell
1585136191.2714,6570.5,0.961,Sell
1585136192.2731,6568.5,0.26,Buy
1585136209.2667,6565.5,0.154,Buy
1585136210.2683,6565.0,0.71,Sell
1585136211.2709,6564.5,0.505,Sell
1585136212.2726,6564.0,0.047,Sell
1585136228.2819,6553.5,0.005,Sell
1585136229.2667,6556.0,0.309,Buy
1585136230.2683,6560.0,0.258,Buy
1585136231.271,6561.0,0.845,Sell
1585136232.2727,6561.5,0.983,Sell
1585136249.2667,6552.0,0.075,Buy
1585136250.2684,6541.5,0.819,Buy
1585136251.2711,6539.5,0.757,Buy
1585136252.2727,6540.5,0.093,Sell
1585136265.6825,6549.5,0.001,Buy
1585136269.2668,6551.5,0.485,Buy
1585136270.2684,6555.0,0.348,Sell
1585136271.2712,6554.5,1.837,Sell
1585136271.6643,6555.0,0.001,Sell
1585136272.2729,6551.5,0.18,Sell
1585136289.2674,6543.0,0.266,Buy
1585136290.2691,6542.0,3.735,Sell
1585136291.2741,6541.0,0.939,Sell
1585136292.2757,6541.5,0.488,Sell
1585136309.2667,6555.0,3.649,Buy
1585136310.2683,6557.0,0.59,Buy
1585136311.2711,6554.5,0.397,Sell
1585136312.2729,6554.5,0.207,Sell
1585136329.2668,6554.0,3.755,Buy
1585136330.2686,6554.0,4.023,Sell
1585136331.2713,6553.5,0.718,Buy
1585136349.2667,6540.0,0.502,Buy
1585136350.2684,6536.0,0.339,Buy
1585136351.2712,6536.5,0.977,Buy
1585136352.2728,6536.0,0.17,Sell
1585136369.2668,6531.5,0.546,Buy
1585136370.2685,6527.5,0.349,Buy
1585136371.2713,6527.5,0.606,Buy
1585136372.273,6525.5,0.884,Sell
1585136389.2678,6527.0,0.72,Buy
1585136391.2723,6526.5,0.655,Sell
1585136392.2739,6522.5,0.297,Sell
1585136409.2667,6499.0,0.879,Buy
1585136411.2711,6498.5,0.221,Sell
1585136412.2727,6490.5,0.95,Buy
1585136429.2666,6464.0,0.996,Buy
1585136430.2683,6459.5,0.87,Buy
1585136431.271,6460.0,0.717,Buy
1585136432.2726,6457.5,0.812,Buy
1585136449.2667,6480.5,0.587,Buy
1585136450.2684,6474.5,0.54,Sell
1585136451.2711,6473.5,0.493,Buy
1585136452.2727,6482.0,0.449,Buy
1585136469.2667,6468.5,0.915,Sell
1585136470.2683,6471.0,0.926,Buy
1585136471.2711,6475.0,0.162,Buy
1585136472.2728,6474.5,0.412,Buy
1585136489.2668,6491.0,0.976,Sell
1585136490.2684,6489.0,0.227,Sell
1585136491.2711,6489.0,0.998,Buy
1585136492.2728,6490.5,0.312,Buy
1585136508.7068,6485.5,0.001,Buy
1585136509.2668,6485.5,0.34,Buy
1585136510.2685,6488.0,0.332,Sell
1585136510.6666,6484.5,0.001,Sell
1585136511.2712,6484.0,0.155,Buy
1585136512.2729,6486.5,0.577,Sell
1585136516.1892,6487.5,0.001,Sell
1585136518.5677,6487.5,0.001,Buy
1585136519.1736,6485.0,0.002,Sell
1585136527.2708,6487.0,0.002,Buy
1585136529.2667,6483.0,0.172,Sell
1585136530.2684,6480.5,0.022,Buy
1585136531.2711,6479.0,0.793,Buy
1585136531.3597,6481.5,0.001,Buy
1585136532.2729,6482.0,0.935,Sell
1585136534.899,6484.5,0.001,Sell
1585136540.688,6479.5,0.001,Sell
1585136542.7743,6483.0,0.001,Buy
1585136544.3348,6484.5,0.001,Buy
1585136548.1273,6484.5,0.001,Buy
1585136549.2674,6483.5,0.977,Sell
1585136550.2691,6478.5,0.05,Sell
1585136551.2719,6483.0,0.81,Buy
1585136552.2735,6483.0,0.913,Sell
1585136569.2667,6476.5,0.338,Sell
1585136570.2684,6476.0,0.38,Sell
1585136571.2711,6476.5,0.846,Buy
1585136572.2729,6477.5,0.803,Buy
1585136589.2667,6482.5,4.629,Sell
1585136590.2684,6486.0,0.341,Sell
1585136592.2732,6483.5,0.546,Buy
1585136609.2672,6491.0,0.291,Sell
1585136610.2689,6493.5,4.804,Buy
1585136611.2716,6495.0,0.259,Buy
1585136612.2733,6496.5,0.674,Buy
1585136629.2667,6503.0,0.223,Sell
1585136630.2683,6505.0,0.799,Buy
1585136631.2711,6503.5,0.722,Sell
1585136632.2728,6502.5,0.491,Buy
1585136644.205,6502.5,0.001,Buy
1585136649.2667,6502.5,0.222,Buy
1585136650.2683,6501.5,0.177,Sell
1585136651.2711,6502.0,0.662,Sell
1585136664.2009,6510.5,0.001,Buy
1585136669.2667,6506.0,0.752,Buy
1585136670.2683,6506.5,0.211,Sell
1585136671.2712,6508.5,0.227,Buy
1585136672.2728,6509.5,0.571,Buy
1585136689.2669,6498.5,0.052,Sell
1585136690.2686,6498.5,0.817,Buy
1585136691.2713,6499.5,0.229,Buy
1585136692.273,6499.5,0.4,Buy
1585136709.2667,6498.5,0.392,Sell
1585136710.2683,6498.5,0.34,Buy
1585136711.2711,6500.5,0.837,Buy
1585136729.2674,6508.5,0.459,Sell
1585136730.2691,6508.5,0.339,Sell
1585136731.2719,6509.5,0.766,Sell
1585136749.2667,6518.5,0.494,Buy
1585136750.2685,6518.5,0.372,Sell
1585136751.2712,6524.0,0.24,Sell
1585136751.2762,6523.5,0.002,Sell
1585136752.2728,6524.0,0.036,Buy
1585136769.2667,6522.0,0.036,Sell
1585136770.2683,6522.0,0.976,Sell
1585136771.2725,6521.5,0.394,Sell
1585136772.2742,6518.0,0.642,Buy
1585136789.2667,6513.5,0.625,Sell
1585136790.2683,6512.0,0.491,Sell
1585136791.2711,6511.5,0.416,Sell
1585136809.2667,6499.0,0.737,Buy
1585136810.2683,6503.0,0.429,Sell
1585136811.271,6503.0,0.92,Sell
1585136815.5604,6504.5,0.001,Buy
1585136829.2667,6490.0,3.007,Buy
1585136830.1368,6491.0,0.001,Buy
1585136830.2683,6489.0,0.646,Buy
1585136831.2711,6490.5,0.724,Sell
1585136832.2728,6493.0,3.672,Buy
1585136833.9825,6499.5,0.001,Sell
1585136834.1576,6499.0,0.001,Sell
1585136836.6214,6499.0,0.001,Buy
1585136849.2676,6497.0,0.866,Buy
1585136850.2694,6498.0,0.512,Sell
1585136851.2721,6497.5,2.073,Sell
1585136869.2667,6485.5,0.536,Buy
1585136870.2684,6486.0,0.03,Sell
1585136871.2712,6486.0,4.055,Sell
1585136872.2728,6487.0,0.371,Sell
1585136889.2667,6487.5,0.853,Buy
1585136890.2683,6486.5,0.705,Buy
1585136891.271,6487.5,0.951,Sell
1585136892.2728,6486.5,0.338,Buy
1585136909.2667,6501.5,0.924,Sell
1585136910.2683,6500.5,0.378,Sell
1585136911.2711,6501.0,0.837,Sell
1585136912.2728,6500.5,0.693,Sell
1585136929.2668,6504.5,0.148,Sell
1585136931.2711,6498.5,0.01,Sell
1585136949.2667,6497.0,0.928,Buy
1585136950.2683,6497.0,0.63,Buy
1585136951.2711,6500.5,0.662,Sell
1585136952.2728,6500.5,0.226,Buy
1585136969.2667,6496.5,3.846,Buy
1585136970.2684,6496.5,0.6,Buy
1585136971.2712,6496.5,0.403,Sell
1585136972.273,6496.5,0.243,Sell
1585136989.2667,6503.0,0.118,Buy
1585136990.2683,6506.5,0.552,Buy
1585136991.271,6503.5,0.5,Sell
1585136992.2727,6504.5,0.642,Sell
1585137009.2667,6499.0,0.677,Buy
1585137010.2683,6500.5,0.555,Sell
1585137012.2728,6500.5,0.506,Sell
1585137029.2666,6486.5,0.877,Buy
1585137030.2683,6486.0,0.434,Buy
1585137031.271,6487.0,0.643,Sell
1585137032.2727,6488.5,0.634,Sell
1585137049.2668,6482.5,0.681,Buy
1585137050.2685,6481.5,0.436,Buy
1585137051.2712,6483.5,0.898,Sell
1585137052.2728,6482.5,0.326,Sell
1585137069.2667,6493.0,3.55,Buy
1585137070.2684,6491.0,0.624,Buy
1585137071.2712,6492.5,2.896,Sell
1585137072.273,6493.0,0.81,Sell
1585137089.2667,6495.5,0.148,Sell
1585137090.2683,6496.0,0.566,Buy
1585137091.2727,6495.0,0.491,Buy
1585137092.2744,6495.0,0.252,Buy
1585137109.2668,6501.5,2.208,Buy
1585137110.2685,6502.5,0.961,Sell
1585137111.2711,6501.0,0.123,Buy
1585137112.2728,6502.0,0.376,Buy
1585137120.2459,6505.0,0.001,Buy
1585137129.2667,6507.0,0.643,Buy
1585137130.2684,6508.0,0.887,Buy
1585137131.2712,6505.5,0.173,Buy
1585137132.2729,6505.5,0.48,Sell
1585137149.2667,6508.5,0.902,Sell
1585137150.2683,6508.0,0.563,Buy
1585137151.2711,6508.5,0.56,Buy
1585137152.2729,6508.5,4.438,Sell
1585137169.2667,6513.0,0.095,Buy
1585137170.2683,6511.5,0.982,Buy
1585137171.2709,6511.5,0.368,Buy
1585137172.2725,6513.0,0.678,Sell
1585137189.2667,6506.5,0.042,Sell
1585137190.2683,6507.0,0.446,Buy
1585137191.271,6507.5,0.324,Buy
1585137192.2727,6506.5,0.745,Sell
1585137209.2667,6513.0,0.151,Buy
1585137212.2727,6513.5,4.355,Buy
1585137229.2666,6505.5,0.843,Sell
1585137230.2683,6506.0,0.17,Buy
1585137231.271,6505.0,0.084,Sell
1585137232.2728,6504.5,0.922,Sell
1585137249.2667,6504.5,0.472,Sell
1585137250.2683,6506.5,0.549,Sell
1585137251.271,6503.0,0.616,Buy
1585137252.2728,6503.0,0.472,Sell
1585137269.2666,6509.0,0.094,Sell
1585137270.2683,6511.5,3.257,Buy
1585137271.271,6512.0,0.088,Buy
1585137272.2727,6513.5,0.687,Sell
1585137289.2669,6518.0,3.144,Sell
1585137290.2685,6519.0,0.061,Buy
1585137291.2712,6520.5,0.414,Buy
1585137292.2728,6518.0,0.894,Buy
1585137309.2667,6525.5,0.809,Buy
1585137310.2683,6524.0,0.085,Sell
1585137311.271,6524.0,0.932,Sell
1585137312.2727,6524.0,0.02,Buy
1585137347.4231,6518.5,0.945,Buy
1585137348.427,6519.0,0.794,Sell
1585137349.4318,6516.5,0.349,Sell
1585137350.4357,6517.0,2.654,Sell
1585137367.4115,6517.0,0.133,Buy
1585137368.4153,6515.0,0.293,Sell
1585137369.4201,6514.5,0.739,Sell
1585137370.4238,6516.5,0.315,Sell
1585137387.4113,6515.5,0.641,Buy
1585137388.4129,6518.0,0.195,Buy
1585137389.4179,6517.5,0.9,Sell
1585137390.4196,6518.0,0.007,Sell
1585137407.4092,6516.0,0.5,Buy
1585137408.4109,6515.5,0.224,Buy
1585137409.4136,6516.5,0.172,Sell
1585137410.4152,6516.5,0.113,Sell
1585137427.4091,6516.0,0.097,Sell
1585137428.4107,6516.0,0.516,Sell
1585137429.4135,6516.0,0.517,Sell
1585137430.4151,6516.0,0.364,Sell
1585137430.4151,6516.0,0.368,Sell
1585137447.4095,6516.0,0.033,Sell
1585137448.4112,6516.0,0.125,Sell
1585137449.4139,6516.0,0.294,Sell
1585137449.6083,6516.5,0.001,Buy
1585137450.4156,6527.5,2.988,Sell
1585137462.1863,6524.0,0.001,Sell
1585137467.4094,6522.5,0.456,Buy
1585137468.4111,6523.0,0.793,Buy
1585137469.4139,6522.5,0.686,Sell
1585137470.4156,6525.0,0.439,Sell
1585137487.4097,6519.0,0.868,Buy
1585137488.4114,6519.0,0.447,Buy
1585137489.4142,6519.5,0.427,Sell
1585137489.4968,6520.0,0.001,Buy
1585137490.4159,6519.5,0.085,Sell
1585137505.1867,6496.0,0.001,Sell
1585137507.41,6499.5,0.516,Buy
1585137508.4117,6503.5,0.777,Sell
1585137509.4144,6502.0,0.582,Sell
1585137510.4161,6502.5,2.897,Buy
1585137527.4093,6498.0,0.015,Buy
1585137528.4109,6500.0,4.932,Sell
1585137530.4154,6502.5,0.668,Sell
1585137547.4091,6504.0,0.586,Buy
1585137548.4108,6504.0,0.125,Buy
1585137549.4134,6504.0,0.44,Buy
1585137550.4151,6504.0,0.646,Sell
1585137567.4091,6509.5,0.906,Sell
1585137568.4108,6509.0,0.697,Buy
1585137569.4134,6508.5,0.654,Sell
1585137570.4152,6508.5,2.631,Sell
1585137587.4092,6513.0,3.962,Buy
1585137588.4109,6513.0,4.751,Buy
1585137589.4137,6513.0,1.639,Sell
1585137590.4155,6511.5,0.379,Sell
1585137607.4092,6515.0,0.743,Buy
1585137608.4109,6516.0,0.492,Buy
1585137609.4137,6518.5,0.208,Sell
1585137610.4154,6519.0,0.321,Buy
1585137627.4099,6509.5,0.283,Buy
1585137628.4116,6507.0,0.633,Buy
1585137629.4143,6505.5,0.612,Buy
1585137630.416,6504.5,0.24,Sell
1585137647.4092,6507.5,0.237,Sell
1585137648.4109,6508.0,0.592,Buy
1585137649.4136,6508.0,0.536,Buy
1585137650.4154,6506.5,0.151,Buy
1585137667.4091,6507.5,0.727,Sell
1585137668.4108,6507.5,0.545,Buy
1585137669.4136,6507.0,0.401,Buy
1585137687.4092,6502.5,0.237,Sell
1585137689.4137,6502.0,0.104,Buy
1585137707.4092,6504.0,0.698,Buy
1585137708.4109,6503.5,0.818,Sell
1585137709.4138,6504.0,0.879,Buy
1585137710.4154,6510.5,0.952,Buy
1585137710.4209,6511.5,0.001,Buy
1585137727.4091,6524.5,0.227,Sell
1585137728.4108,6525.5,0.856,Sell
1585137729.4136,6527.0,0.863,Buy
1585137729.5146,6528.0,0.001,Buy
1585137730.4153,6529.5,0.731,Buy
1585137747.4092,6527.5,0.105,Sell
1585137748.4109,6529.0,0.328,Sell
1585137749.4135,6528.0,0.862,Sell
1585137750.4153,6526.5,0.015,Sell
1585137767.4092,6526.0,0.579,Sell
1585137768.4108,6525.0,0.266,Buy
1585137770.4153,6527.5,0.195,Sell
1585137787.4093,6530.5,0.789,Sell
1585137788.411,6531.0,0.656,Sell
1585137789.4137,6531.0,0.211,Buy
1585137790.4154,6531.0,0.128,Sell
1585137807.4092,6527.0,0.73,Sell
1585137808.4109,6526.5,0.069,Buy
1585137809.4136,6525.0,0.976,Buy
1585137809.419,6524.0,0.001,Sell
1585137810.4153,6523.0,3.562,Buy
1585137827.4092,6526.0,0.596,Sell
1585137828.4108,6526.0,0.892,Sell
1585137829.4136,6525.5,0.642,Buy
1585137847.4092,6541.5,0.528,Buy
1585137848.4109,6539.0,0.905,Sell
1585137849.4146,6542.5,2.129,Sell
1585137850.4162,6543.5,0.682,Buy
1585137867.4091,6539.5,4.618,Sell
1585137868.4108,6541.5,0.167,Sell
1585137869.4134,6542.0,0.494,Buy
1585137870.4151,6546.5,0.814,Buy
1585137887.4092,6546.5,4.009,Sell
1585137888.4109,6550.0,0.931,Sell
1585137889.4137,6551.0,0.665,Buy
1585137890.4153,6553.0,0.086,Sell
1585137907.4092,6541.0,0.606,Sell
1585137908.4109,6542.5,0.451,Sell
1585137909.4137,6543.0,0.861,Sell
1585137910.4154,6548.0,0.23,Sell
1585137927.4092,6552.0,0.11,Sell
1585137928.4109,6550.5,0.158,Sell
1585137929.4137,6550.0,0.374,Sell
1585137947.4092,6549.0,0.574,Sell
1585137948.4109,6549.0,1.124,Sell
1585137949.4137,6549.0,0.94,Buy
1585137950.4154,6549.5,0.727,Buy
1585137967.4093,6553.0,0.036,Sell
1585137968.4109,6552.0,0.565,Sell
1585137969.4137,6554.5,2.409,Buy
1585137970.4153,6554.5,0.572,Buy
1585137987.4092,6545.5,0.047,Buy
1585137988.4109,6545.5,0.487,Sell
1585137989.4137,6545.0,1.113,Sell
1585138007.4091,6548.0,3.018,Sell
1585138008.4107,6548.0,0.979,Sell
1585138009.4135,6549.0,0.918,Sell
1585138010.4152,6548.0,0.458,Buy
1585138027.4092,6548.0,0.885,Buy
1585138028.4109,6548.0,0.291,Sell
1585138029.4137,6547.5,0.091,Sell
1585138030.4154,6548.0,0.959,Buy
1585138047.4092,6541.0,0.987,Buy
1585138048.4109,6541.5,1.706,Sell
1585138049.4136,6541.5,0.531,Sell
1585138050.4153,6540.0,4.92,Sell
1585138067.4091,6534.5,0.55,Buy
1585138068.4108,6534.5,0.012,Buy
1585138069.4136,6535.5,0.689,Sell
1585138070.4153,6535.5,2.956,Sell
1585138088.4108,6537.5,3.684,Sell
1585138089.4136,6537.5,0.862,Sell
1585138090.4153,6538.5,0.61,Sell
1585138107.4092,6534.0,0.751,Buy
1585138108.4108,6533.0,0.775,Buy
1585138109.4137,6533.5,0.291,Buy
1585138110.4154,6535.5,0.075,Sell
1585138127.4092,6534.5,0.88,Sell
1585138128.4109,6535.5,0.553,Buy
1585138129.4137,6536.0,0.873,Buy
1585138130.4155,6533.5,0.39,Sell
1585138147.4093,6535.5,0.102,Buy
1585138148.4109,6535.5,0.131,Buy
1585138149.4138,6535.5,0.717,Sell
1585138150.4155,6535.5,0.165,Sell
1585138167.4092,6546.5,0.579,Buy
1585138168.4109,6548.5,0.982,Sell
1585138169.4137,6551.0,0.957,Sell
1585138170.4153,6553.5,0.196,Buy
1585138187.4091,6546.5,0.147,Buy
1585138188.4108,6545.5,0.57,Sell
1585138189.4135,6546.5,3.315,Sell
1585138190.4152,6548.0,0.776,Sell
1585138208.4113,6546.0,0.296,Sell
1585138209.4142,6546.0,0.21,Buy
1585138210.4161,6546.0,2.0,Sell
1585138227.4091,6550.0,0.446,Sell
1585138228.4108,6551.0,0.89,Buy
1585138229.4135,6549.5,0.899,Buy
1585138230.4152,6551.5,0.446,Sell
1585138247.4091,6553.5,0.787,Buy
1585138248.4108,6552.5,0.939,Buy
1585138249.4135,6552.5,0.617,Sell
1585138250.4151,6552.0,0.581,Sell
1585138267.4092,6540.0,0.816,Buy
1585138269.4137,6541.5,0.426,Buy
1585138270.4154,6543.0,0.932,Sell
1585138287.4092,6543.5,0.842,Sell
1585138288.4108,6543.0,0.033,Buy
1585138289.4136,6542.0,1.241,Sell
1585138290.3069,6542.5,0.001,Buy
1585138290.4154,6541.5,0.62,Sell
1585138307.4094,6544.0,0.219,Sell
1585138308.411,6543.5,0.42,Buy
1585138309.415,6543.0,0.245,Buy
1585138310.4167,6543.0,0.157,Sell
1585138327.4098,6548.0,0.155,Sell
1585138328.4115,6548.0,0.439,Buy
1585138329.4142,6548.0,0.602,Buy
1585138330.4159,6547.0,0.384,Buy
1585138347.4098,6542.5,0.894,Buy
1585138348.4115,6541.0,0.122,Buy
1585138349.4141,6541.0,0.126,Buy
1585138350.4158,6541.0,0.535,Buy
1585138350.4662,6540.5,0.001,Sell
1585138353.9438,6542.0,0.001,Buy
1585138367.4092,6535.0,0.838,Buy
1585138370.4152,6535.0,0.286,Sell
1585138387.4092,6534.5,0.937,Buy
1585138388.4109,6534.5,4.639,Buy
1585138389.4136,6534.5,0.682,Sell
1585138408.4109,6534.5,0.351,Sell
1585138409.4135,6534.5,0.864,Buy
1585138410.4152,6534.5,0.752,Buy
1585138427.4091,6535.5,0.57,Sell
1585138428.4108,6535.5,0.41,Sell
1585138429.4134,6536.0,2.034,Sell
1585138430.4152,6535.5,0.793,Sell
1585138447.4092,6527.5,0.582,Sell
1585138448.4109,6527.5,0.481,Sell
1585138450.4152,6525.0,0.3,Buy
1585138467.4092,6524.0,0.894,Sell
1585138468.4109,6521.5,0.79,Sell
1585138469.4137,6522.0,0.294,Buy
1585138470.4154,6524.0,0.489,Sell
1585138487.4092,6533.5,0.615,Sell
1585138488.4109,6533.0,0.672,Buy
1585138489.4138,6531.5,0.21,Buy
1585138507.4092,6532.5,0.803,Sell
1585138508.4109,6531.5,2.182,Sell
1585138509.4135,6531.0,0.756,Sell
1585138510.4152,6531.0,0.191,Buy
1585138527.4092,6522.0,0.711,Buy
1585138528.4109,6521.5,0.502,Sell
1585138529.4138,6521.5,0.55,Buy
1585138530.4154,6520.5,0.924,Buy
1585138547.4092,6520.5,0.427,Sell
1585138548.411,6521.5,0.358,Sell
1585138549.4138,6522.0,0.415,Buy
1585138550.4155,6521.5,1.563,Buy
1585138567.4093,6527.0,0.807,Sell
1585138568.411,6526.5,0.013,Sell
1585138569.4136,6526.5,0.167,Buy
1585138570.4153,6527.5,0.205,Buy
1585138587.4092,6527.0,0.465,Sell
1585138588.4109,6528.5,0.99,Sell
1585138589.4138,6526.5,0.615,Sell
1585138607.4091,6529.0,0.407,Sell
1585138608.4108,6529.0,0.35,Sell
1585138609.4136,6528.5,0.647,Sell
1585138628.4109,6528.0,0.217,Sell
1585138629.4138,6527.5,0.358,Buy
1585138630.4155,6527.0,0.632,Buy
1585138647.4093,6526.0,0.078,Sell
1585138648.411,6527.0,0.885,Sell
1585138649.4137,6529.5,0.503,Sell
1585138650.4155,6529.5,0.133,Buy
1585138667.4092,6541.0,4.942,Buy
1585138668.4109,6540.5,0.655,Sell
1585138669.4137,6541.5,0.829,Sell
1585138670.4153,6542.0,2.345,Sell
1585138687.4093,6547.5,0.811,Sell
1585138688.4109,6546.5,0.301,Sell
1585138689.4152,6546.0,0.658,Sell
1585138690.4169,6546.5,1.257,Buy
1585138707.4092,6548.5,0.35,Buy
1585138708.4109,6551.0,0.151,Sell
1585138709.4138,6551.0,0.232,Sell
1585138710.4154,6550.0,0.684,Sell
1585138727.4094,6546.5,0.635,Buy
1585138728.4111,6547.0,0.203,Buy
1585138729.414,6547.5,0.379,Sell
1585138747.4092,6550.0,0.044,Buy
1585138748.4109,6547.0,0.448,Sell
1585138749.4135,6547.0,0.522,Sell
1585138750.4152,6547.0,0.213,Buy
1585138767.4093,6550.5,0.481,Sell
1585138768.411,6550.5,3.996,Sell
1585138769.414,6549.5,0.872,Buy
1585138770.4157,6548.5,0.33,Sell
1585138785.1539,6547.5,0.001,Sell
1585138787.4092,6548.5,0.259,Sell
1585138788.4109,6550.0,0.159,Sell
1585138789.4136,6550.0,0.165,Sell
1585138790.4153,6550.0,0.1,Sell
1585138795.992,6550.5,0.001,Sell
1585138805.4222,6552.0,0.001,Buy
1585138812.9574,6550.5,0.001,Sell
1585138819.1357,6557.0,0.865,Sell
1585138820.1396,6557.5,0.674,Sell
1585138839.0859,6559.5,0.511,Sell
1585138840.0896,6559.0,0.143,Sell
1585138841.0946,6559.5,0.273,Buy
1585138859.0858,6556.0,0.336,Sell
1585138860.0875,6555.5,0.994,Sell
1585138861.0923,6555.5,0.663,Sell
1585138879.0837,6551.5,2.499,Sell
1585138880.0854,6552.5,0.395,Sell
1585138881.0881,6551.5,0.192,Sell
1585138882.0899,6552.5,0.198,Sell
1585138899.0835,6552.0,0.328,Sell
1585138900.0852,6553.5,2.359,Sell
1585138901.0879,6553.5,0.207,Sell
1585138902.0898,6551.0,3.235,Sell
1585138919.0837,6553.0,0.482,Sell
1585138920.0854,6553.0,0.389,Sell
1585138921.0882,6553.5,0.315,Buy
1585138922.0901,6553.5,0.806,Buy
1585138939.0834,6552.0,0.807,Sell
1585138940.0851,6552.0,0.87,Sell
1585138941.0877,6552.0,0.801,Sell
1585138942.0895,6552.0,0.512,Buy
1585138959.0836,6546.0,0.753,Sell
1585138960.0852,6546.0,0.621,Sell
1585138961.0879,6548.0,0.726,Sell
1585138962.0896,6548.5,1.45,Buy
1585138979.0836,6543.0,1.155,Sell
1585138980.0853,6543.5,0.494,Sell
1585138981.0881,6544.5,0.862,Sell
1585138982.0899,6546.0,0.357,Buy
1585138999.0838,6544.0,0.127,Sell
1585139000.0855,6544.5,0.158,Sell
1585139001.0886,6544.5,0.619,Sell
1585139002.0903,6544.0,0.922,Sell
1585139019.0836,6544.5,0.464,Sell
1585139020.0853,6544.5,0.302,Sell
1585139021.088,6543.5,0.255,Sell
1585139022.0897,6544.0,0.56,Sell
1585139037.5127,6544.0,0.001,Sell
1585139039.0835,6543.5,0.965,Buy
1585139040.0852,6548.0,0.371,Buy
1585139041.0896,6552.0,0.577,Sell
1585139060.0851,6552.5,0.656,Sell
1585139061.0878,6552.5,0.07,Sell
1585139079.0837,6548.0,4.544,Buy
1585139080.0855,6548.0,0.884,Sell
1585139081.0884,6548.0,0.388,Sell
1585139082.0902,6548.5,0.05,Sell
1585139099.0837,6549.0,0.85,Sell
1585139100.0853,6549.5,0.024,Sell
1585139101.0882,6549.5,0.226,Buy
1585139102.09,6549.0,0.391,Sell
1585139119.0835,6552.5,2.822,Buy
1585139121.0879,6552.5,0.258,Sell
1585139122.0896,6552.5,0.683,Sell
1585139139.0835,6549.5,0.413,Buy
1585139140.0852,6549.5,0.682,Buy
1585139141.088,6550.0,0.769,Sell
1585139142.0897,6550.0,0.027,Sell
1585139159.0834,6546.5,0.273,Buy
1585139160.085,6547.0,0.674,Buy
1585139161.0878,6547.0,0.759,Sell
1585139162.0896,6547.0,3.426,Sell
1585139179.0836,6546.0,0.053,Buy
1585139180.0852,6546.5,1.327,Buy
1585139181.088,6547.0,0.19,Sell
1585139182.0898,6546.0,0.027,Sell
1585139202.0901,6542.5,0.65,Sell
1585139221.0883,6540.5,0.567,Sell
1585139222.0899,6540.0,0.08,Sell
1585139240.0851,6533.5,0.096,Buy
1585139241.0878,6533.5,0.45,Buy
1585139242.0895,6533.5,0.799,Sell
1585139259.0836,6536.5,0.996,Buy
1585139260.0852,6535.0,0.74,Buy
1585139261.0879,6535.0,0.128,Sell
1585139262.0897,6535.5,0.484,Sell
1585139279.0841,6531.5,0.033,Buy
1585139280.0857,6532.0,0.964,Sell
1585139281.0885,6532.0,0.79,Sell
1585139282.0901,6532.0,0.035,Sell
1585139299.0836,6537.0,0.195,Buy
1585139300.0853,6537.5,0.629,Sell
1585139301.088,6537.5,0.345,Buy
1585139302.0903,6537.5,0.118,Buy
1585139319.0834,6533.5,0.917,Sell
1585139320.0851,6533.5,0.406,Buy
1585139321.0878,6533.0,0.256,Buy
1585139322.0896,6533.0,0.904,Sell
1585139356.2446,6521.5,0.491,Sell
1585139357.2485,6520.5,0.988,Buy
1585139358.2534,6521.0,3.604,Sell
1585139376.2442,6517.0,0.647,Buy
1585139377.2479,6515.5,0.523,Buy
1585139378.2532,6514.5,0.963,Sell
1585139379.2571,6515.5,2.4,Buy
1585139397.2458,6519.5,0.056,Buy
1585139398.2506,6520.0,0.718,Sell
1585139399.2522,6519.5,0.571,Buy
1585139416.242,6509.0,0.399,Buy
1585139417.2436,6510.0,0.318,Sell
1585139418.2461,6509.5,0.654,Sell
1585139419.2477,6515.0,0.784,Sell
1585139436.2421,6509.5,3.824,Buy
1585139437.2437,6509.5,0.845,Buy
1585139438.2464,6507.5,0.459,Sell
1585139439.2481,6507.0,0.698,Sell
1585139456.2421,6515.0,1.555,Buy
1585139457.2437,6515.0,0.505,Buy
1585139458.2465,6515.0,0.225,Sell
1585139459.2482,6511.5,0.076,Sell
1585139476.2696,6512.0,0.601,Buy
1585139477.2712,6512.0,0.973,Buy
1585139478.2739,6509.5,0.001,Sell
1585139479.2756,6509.5,0.575,Sell
1585139496.2424,6514.5,0.246,Buy
1585139497.2441,6514.5,0.067,Buy
1585139498.2467,6515.0,0.13,Sell
1585139499.2483,6515.0,0.816,Sell
1585139516.2421,6520.5,0.109,Buy
1585139517.2438,6518.5,0.192,Sell
1585139518.2465,6519.5,0.903,Sell
1585139519.2482,6519.5,0.009,Sell
1585139536.2421,6526.0,0.03,Buy
1585139538.2466,6527.0,0.932,Sell
1585139539.2483,6527.5,0.468,Sell
1585139556.2427,6530.5,0.864,Buy
1585139557.2443,6530.5,0.701,Buy
1585139558.247,6531.5,0.974,Sell
1585139559.2486,6530.0,0.463,Sell
1585139576.242,6523.0,0.909,Sell
1585139578.2464,6520.5,0.526,Sell
1585139579.2481,6520.5,0.158,Sell
1585139580.2553,6520.0,0.744,Sell
1585139596.2423,6529.5,0.806,Sell
1585139598.2466,6529.5,4.293,Sell
1585139599.2483,6530.5,0.857,Sell
1585139616.242,6530.0,0.782,Sell
1585139618.2463,6530.0,0.5,Buy
1585139619.248,6530.0,0.527,Sell
1585139636.2422,6531.0,0.473,Buy
1585139637.2439,6530.5,0.34,Buy
1585139638.2465,6530.5,2.946,Buy
1585139639.2482,6530.5,1.272,Buy
1585139656.2422,6532.5,0.569,Sell
1585139657.2438,6533.5,0.958,Sell
1585139659.2482,6533.0,0.411,Sell
1585139676.242,6531.0,4.85,Sell
1585139677.2437,6531.5,0.069,Buy
1585139678.2464,6531.5,0.642,Buy
1585139696.2421,6525.5,0.853,Buy
1585139697.2437,6526.5,3.393,Buy
1585139698.2465,6525.0,3.897,Buy
1585139699.2482,6526.0,0.41,Sell
1585139716.2421,6523.5,0.73,Buy
1585139717.2437,6524.5,0.184,Buy
1585139718.2464,6525.0,3.713,Buy
1585139719.248,6524.0,0.108,Sell
1585139736.2429,6531.0,0.857,Sell
1585139737.2446,6531.5,3.431,Buy
1585139738.2474,6531.0,0.034,Buy
1585139739.2491,6530.5,2.951,Sell
1585139756.2421,6529.0,0.046,Sell
1585139757.2438,6530.5,0.645,Buy
1585139758.2465,6530.5,0.304,Buy
1585139759.2481,6531.0,0.619,Sell
1585139776.2421,6539.5,0.662,Sell
1585139777.2438,6541.5,0.301,Buy
1585139778.2464,6543.0,0.282,Sell
1585139779.2482,6541.0,0.662,Buy
1585139796.2421,6544.5,0.634,Sell
1585139797.2437,6544.0,0.871,Sell
1585139798.2465,6543.5,0.302,Buy
1585139799.2482,6539.5,0.576,Buy
1585139816.242,6536.5,0.312,Sell
1585139817.2437,6536.5,0.959,Sell
1585139818.2463,6536.5,0.754,Buy
1585139819.2479,6536.5,1.175,Buy
1585139836.2421,6541.0,1.714,Sell
1585139837.2438,6541.0,0.439,Sell
1585139838.2465,6542.5,0.471,Buy
1585139839.2482,6541.5,0.326,Buy
1585139856.242,6537.5,0.773,Sell
1585139857.2436,6537.5,0.588,Sell
1585139858.2463,6537.5,0.204,Buy
1585139859.248,6538.0,0.89,Buy
1585139876.2421,6539.5,0.159,Buy
1585139877.2438,6539.5,0.771,Sell
1585139878.2465,6539.0,0.498,Sell
1585139879.2482,6539.0,0.886,Buy
1585139896.2419,6534.0,0.873,Sell
1585139897.2436,6534.0,0.283,Sell
1585139898.2463,6534.0,0.062,Sell
1585139916.2421,6535.5,0.543,Sell
1585139917.2437,6537.0,0.082,Sell
1585139918.2464,6536.0,0.049,Buy
1585139919.2481,6536.0,3.902,Buy
1585139936.242,6533.0,0.043,Sell
1585139937.2437,6532.0,0.053,Sell
1585139938.2465,6532.0,0.736,Sell
1585139939.2483,6533.0,0.001,Buy
1585139940.2555,6533.0,0.725,Sell
1585139956.2422,6530.0,0.686,Buy
1585139957.2439,6528.5,0.912,Sell
1585139958.2465,6528.5,0.655,Buy
1585139959.2482,6529.0,0.957,Buy
1585139976.2421,6529.0,0.425,Sell
1585139977.2438,6529.0,2.286,Sell
1585139978.2473,6529.0,2.046,Buy
1585139996.2421,6538.0,0.264,Buy
1585139997.2437,6538.0,0.214,Sell
1585139999.248,6538.0,1.771,Sell
1585140016.2421,6541.5,4.043,Buy
1585140017.2436,6541.5,0.071,Sell
1585140018.2463,6542.5,0.684,Sell
1585140019.2481,6542.0,0.722,Sell
1585140038.2464,6547.0,4.119,Sell
1585140039.2481,6547.5,4.11,Buy
1585140057.2438,6547.0,0.526,Buy
1585140058.2464,6547.0,0.599,Sell
1585140059.2481,6547.0,0.947,Sell
1585140076.2421,6546.0,0.462,Buy
1585140098.0951,6547.0,0.183,Sell
1585140099.1001,6547.0,0.39,Sell
1585140100.1039,6546.5,0.314,Buy
1585140117.0909,6546.5,0.169,Sell
1585140118.0947,6547.5,0.12,Sell
1585140119.0997,6548.0,0.075,Sell
1585140137.091,6552.5,0.571,Sell
1585140138.0927,6552.5,0.113,Sell
1585140139.0976,6552.5,1.442,Sell
1585140140.0993,6552.5,0.675,Sell
1585140141.102,6552.5,0.722,Buy
1585140141.1021,6552.5,0.304,Buy
1585140157.0888,6552.5,0.975,Sell
1585140158.0904,6552.5,1.739,Sell
1585140158.0904,6552.5,0.975,Sell
1585140158.0904,6552.5,0.716,Sell
1585140159.093,6552.5,0.196,Sell
1585140177.0889,6552.5,0.602,Sell
1585140178.0905,6552.5,0.25,Sell
1585140180.0956,6552.5,0.554,Sell
1585140197.0887,6550.0,0.56,Sell
1585140199.0928,6549.0,0.375,Sell
1585140201.0975,6549.5,0.555,Buy
1585140201.0976,6549.5,2.055,Buy
1585140217.0888,6547.5,0.403,Buy
1585140218.0905,6547.5,0.919,Buy
1585140219.0932,6547.5,2.964,Sell
1585140237.0888,6549.0,0.863,Buy
1585140238.0905,6548.0,0.722,Buy
1585140239.0936,6550.0,0.958,Sell
1585140240.0953,6549.5,0.934,Buy
1585140257.0888,6549.0,0.939,Buy
1585140258.0905,6549.0,0.729,Sell
1585140259.0932,6549.0,0.576,Sell
1585140261.0975,6548.5,0.344,Sell
1585140261.0976,6548.5,0.674,Sell
1585140279.0932,6548.5,0.014,Sell
1585140280.0948,6548.5,0.33,Sell
1585140280.0948,6548.5,0.496,Sell
1585140300.0951,6548.5,0.178,Sell
1585140300.0951,6548.5,4.074,Sell
1585140317.0889,6550.5,0.561,Buy
1585140318.0905,6551.5,2.873,Buy
1585140319.0932,6551.5,0.213,Sell
1585140320.0949,6551.5,0.261,Sell
1585140321.1018,6551.5,0.608,Buy
1585140321.1019,6551.5,0.364,Buy
1585140338.0904,6550.0,3.881,Sell
1585140339.0932,6551.0,0.047,Sell
1585140340.0949,6551.0,0.786,Sell
1585140357.0894,6547.5,0.912,Buy
1585140358.0911,6548.5,0.928,Buy
1585140359.0939,6549.0,0.013,Sell
1585140360.0956,6548.0,0.998,Sell
1585140377.0887,6542.0,0.606,Sell
1585140379.0931,6540.0,0.553,Sell
1585140380.0948,6539.0,0.793,Sell
1585140381.0974,6538.5,0.428,Sell
1585140381.0975,6538.5,0.592,Sell
1585140397.0888,6541.0,0.896,Buy
1585140398.0904,6541.0,0.722,Buy
1585140400.0949,6542.0,4.041,Sell
1585140417.0888,6540.0,2.177,Buy
1585140418.0905,6538.0,4.878,Buy
1585140419.0931,6537.5,0.519,Sell
1585140420.0948,6537.0,0.112,Sell
1585140437.0889,6539.5,0.373,Buy
1585140438.0905,6539.5,0.251,Buy
1585140439.0932,6539.5,0.099,Buy
1585140440.0949,6539.5,0.137,Sell
1585140458.0906,6533.0,0.012,Buy
1585140459.0932,6533.5,0.003,Sell
1585140460.095,6533.5,0.216,Sell
1585140477.0896,6532.5,0.768,Buy
1585140478.0913,6534.0,0.284,Buy
1585140479.094,6534.0,0.391,Buy
1585140480.0956,6534.0,0.534,Sell
1585140497.0888,6536.5,0.058,Sell
1585140498.0904,6537.5,0.354,Buy
1585140499.0931,6537.5,0.536,Buy
1585140500.0948,6536.5,0.57,Buy
1585140501.0977,6538.5,0.743,Sell
1585140501.0978,6538.5,0.15,Sell
1585140517.0887,6537.5,0.822,Sell
1585140518.0903,6536.0,0.653,Buy
1585140519.093,6535.0,0.369,Buy
1585140520.0947,6534.5,0.06,Sell
1585140537.0894,6538.0,0.443,Sell
1585140538.091,6537.5,0.035,Buy
1585140539.0938,6536.5,0.021,Buy
1585140540.0955,6535.5,0.065,Sell
1585140557.0888,6533.5,0.161,Buy
1585140558.0905,6535.5,0.527,Buy
1585140559.0932,6535.5,0.658,Sell
1585140560.0949,6536.0,0.212,Buy
1585140561.0979,6535.5,0.615,Buy
1585140561.0979,6535.5,0.785,Buy
1585140577.0888,6533.5,4.186,Buy
1585140578.0904,6536.5,0.282,Buy
1585140579.093,6537.5,0.56,Buy
1585140580.0948,6537.5,0.287,Buy
1585140597.0888,6536.5,0.506,Buy
1585140598.0905,6536.5,0.793,Sell
1585140599.0931,6536.5,0.462,Buy
1585140600.0948,6536.5,2.002,Sell
1585140617.0889,6544.5,3.033,Sell
1585140618.0906,6545.5,0.863,Buy
1585140619.0931,6546.0,0.624,Sell
1585140620.0948,6547.0,0.806,Sell
1585140621.0977,6548.5,0.89,Sell
1585140621.0978,6548.5,1.323,Sell
1585140637.0889,6545.0,0.138,Sell
1585140638.0906,6545.0,0.769,Buy
1585140639.0932,6545.0,0.05,Buy
1585140640.0949,6545.0,0.974,Buy
1585140657.0888,6551.0,0.28,Sell
1585140659.0931,6552.0,0.041,Buy
1585140660.0948,6551.0,0.854,Buy
1585140677.0888,6552.5,0.75,Sell
1585140677.0888,6552.5,3.013,Sell
1585140677.0888,6552.5,0.937,Sell
1585140678.0904,6552.5,3.469,Sell
1585140678.0904,6552.5,0.275,Sell
1585140681.0976,6552.5,0.569,Sell
1585140681.0977,6552.5,0.991,Sell
1585140697.0889,6552.5,0.461,Sell
1585140698.0905,6552.5,0.006,Sell
1585140698.0905,6552.5,0.108,Sell
1585140711.5854,6553.0,0.001,Buy
1585140717.0889,6559.5,0.104,Sell
1585140718.0909,6559.5,0.232,Sell
1585140720.5853,6560.0,0.001,Buy
1585140737.0887,6570.5,0.462,Sell
1585140738.0903,6572.0,2.943,Sell
1585140739.0931,6577.0,0.532,Sell
1585140740.0947,6576.5,0.969,Buy
1585140741.0975,6579.0,0.025,Buy
1585140741.0975,6579.0,0.489,Buy
1585140752.5215,6580.0,0.002,Buy
1585140757.0889,6580.0,0.167,Sell
1585140759.0942,6574.5,3.903,Buy
1585140760.0958,6574.5,0.461,Sell
1585140777.0889,6580.0,0.452,Sell
1585140778.0906,6578.0,0.156,Buy
1585140780.0949,6572.5,0.334,Buy
1585140797.0889,6573.5,0.61,Sell
1585140798.0905,6573.5,0.164,Sell
1585140799.0932,6573.5,0.191,Buy
1585140800.0948,6573.5,0.006,Buy
1585140801.0977,6573.0,0.123,Sell
1585140801.0978,6573.0,0.717,Sell
1585140817.0888,6579.5,0.826,Buy
1585140818.0905,6580.0,0.998,Sell
1585140819.0931,6580.0,0.725,Buy
1585140820.0948,6581.0,0.468,Buy
1585140837.0888,6574.5,3.769,Buy
1585140838.0905,6574.5,0.165,Sell
1585140839.0932,6574.5,0.775,Buy
1585140840.0947,6574.5,0.52,Buy
1585140857.0888,6571.0,0.836,Buy
1585140858.0905,6571.0,0.027,Sell
1585140859.0932,6570.5,0.472,Buy
1585140860.0949,6570.5,0.951,Sell
1585140861.0977,6570.5,0.298,Buy
1585140861.0978,6570.5,0.681,Buy
1585140877.0887,6575.5,0.17,Sell
1585140878.0904,6578.5,0.424,Sell
1585140879.0931,6578.5,0.905,Sell
1585140880.0947,6579.0,2.77,Sell
1585140899.0931,6576.0,0.389,Sell
1585140917.0888,6576.0,0.414,Sell
1585140919.0932,6574.5,0.434,Sell
1585140920.0949,6574.5,0.144,Sell
1585140921.1018,6574.5,0.141,Buy
1585140921.1019,6574.5,4.911,Buy
1585140937.0888,6569.0,0.007,Sell
1585140938.0905,6569.0,0.508,Sell
1585140939.0931,6567.5,0.062,Sell
1585140958.0906,6569.0,0.521,Sell
1585140959.0931,6569.0,0.759,Sell
1585140960.0948,6569.0,0.995,Sell
1585140978.0904,6569.5,0.331,Sell
1585140979.093,6569.5,0.548,Sell
1585140980.0947,6569.5,0.485,Buy
1585140981.0974,6569.5,0.668,Buy
1585140981.0975,6569.5,0.993,Buy
1585140997.0888,6567.5,0.189,Buy
1585140998.0904,6567.0,0.569,Sell
1585140999.093,6565.5,0.944,Sell
1585141000.0947,6566.0,0.643,Buy
1585141017.0888,6561.5,2.288,Buy
1585141018.0904,6561.5,0.706,Sell
1585141019.093,6562.0,0.373,Sell
1585141020.0947,6561.5,4.074,Buy
1585141037.0889,6571.5,4.089,Buy
1585141038.0906,6573.5,0.184,Sell
1585141039.0932,6576.5,0.891,Sell
1585141041.0976,6574.5,0.042,Sell
1585141041.0977,6574.5,0.296,Sell
1585141058.0904,6574.5,0.432,Sell
1585141058.0904,6574.5,0.042,Sell
1585141058.0904,6574.5,0.296,Sell
1585141059.0932,6575.0,2.382,Sell
1585141060.0948,6575.5,0.314,Sell
1585141077.089,6570.5,0.31,Buy
1585141078.0906,6570.0,1.919,Buy
1585141080.0951,6571.5,0.814,Sell
1585141097.0888,6572.5,0.044,Sell
1585141100.0947,6573.5,0.556,Sell
1585141101.0975,6573.5,2.471,Buy
1585141101.0975,6573.5,0.446,Buy
1585141118.0904,6573.5,0.85,Buy
1585141120.0951,6574.5,0.115,Sell
1585141137.0887,6577.0,0.474,Sell
1585141140.0948,6576.5,0.145,Sell
1585141158.0908,6580.5,0.076,Buy
1585141159.0935,6581.5,0.25,Buy
1585141160.0951,6584.0,0.108,Buy
1585141161.098,6587.0,0.659,Sell
1585141161.0981,6587.0,0.708,Sell
1585141177.0889,6588.5,0.049,Buy
1585141178.0905,6587.0,0.461,Buy
1585141179.0931,6587.0,4.372,Sell
1585141180.0947,6587.0,0.547,Buy
1585141197.0888,6585.5,0.159,Sell
1585141198.0904,6583.5,0.967,Buy
1585141199.0931,6583.5,1.232,Sell
1585141200.0947,6584.0,0.47,Sell
1585141202.6268,6585.0,0.001,Buy
1585141217.089,6585.0,0.774,Buy
1585141219.0934,6585.5,0.351,Buy
1585141220.095,6585.0,0.173,Sell
1585141221.0978,6586.0,0.553,Sell
1585141221.0979,6586.0,0.176,Sell
1585141237.0888,6590.5,0.119,Buy
1585141239.0932,6585.0,0.857,Buy
1585141240.0948,6589.0,0.546,Buy
1585141257.0888,6588.5,0.914,Buy
1585141259.0931,6590.0,0.449,Buy
1585141260.0948,6590.5,0.961,Sell
1585141277.0889,6589.0,0.99,Sell
1585141278.0906,6589.0,0.649,Buy
1585141281.1001,6588.5,0.275,Sell
1585141281.1002,6588.5,0.817,Sell
1585141297.0888,6583.0,0.74,Sell
1585141298.0904,6582.0,0.546,Buy
1585141299.0931,6581.0,0.886,Buy
1585141317.0888,6577.0,0.045,Sell
1585141318.0905,6578.5,0.555,Sell
1585141319.0932,6579.5,0.018,Buy
1585141320.0948,6578.0,0.789,Buy
1585141337.0889,6578.5,0.848,Sell
1585141338.0905,6577.5,0.211,Sell
1585141339.093,6577.0,0.696,Sell
1585141341.0975,6576.0,0.098,Sell
1585141341.0976,6576.0,0.316,Sell
1585141358.0905,6583.5,0.899,Sell
1585141377.0889,6580.5,4.792,Sell
1585141378.0906,6582.0,0.653,Buy
1585141379.0933,6580.5,2.687,Sell
1585141380.0949,6581.0,0.684,Buy
1585141397.0889,6572.5,0.972,Sell
1585141398.0905,6573.0,0.143,Sell
1585141399.0933,6572.5,0.118,Buy
1585141400.0948,6572.0,0.495,Sell
1585141401.0977,6571.5,0.796,Sell
1585141401.0977,6571.5,0.244,Sell
1585141417.0888,6573.0,0.985,Sell
1585141418.0904,6573.5,0.558,Buy
1585141419.0931,6574.5,4.555,Buy
1585141420.0948,6574.5,0.091,Sell
1585141437.0889,6571.5,0.796,Sell
1585141437.0889,6571.5,0.244,Sell
1585141437.0889,6571.5,0.086,Sell
1585141438.0905,6567.0,0.057,Buy
1585141439.0932,6566.5,0.004,Buy
1585141440.0948,6567.5,0.88,Buy
1585141457.0888,6571.0,0.364,Sell
1585141458.0905,6570.0,0.9,Buy
1585141459.0932,6570.5,0.813,Sell
1585141460.0948,6571.0,0.6,Buy
1585141461.0977,6571.0,0.07,Buy
1585141461.0978,6571.0,0.203,Buy
1585141478.0905,6566.5,0.433,Sell
1585141479.0932,6566.5,0.326,Sell
1585141480.0948,6567.0,0.191,Buy
1585141498.0904,6565.5,0.854,Sell
1585141499.093,6565.5,4.467,Sell
1585141517.0889,6564.0,0.657,Sell
1585141518.0906,6565.0,0.887,Sell
1585141519.0932,6564.5,2.51,Sell
1585141520.0948,6566.0,0.864,Buy
1585141521.1019,6566.0,0.714,Buy
1585141521.102,6566.0,4.003,Buy
1585141539.093,6567.0,1.343,Sell
1585141540.0947,6568.0,0.551,Buy
1585141557.0888,6575.5,0.486,Buy
1585141559.0931,6578.5,0.54,Sell
1585141560.0948,6578.0,0.368,Buy
1585141577.0889,6576.5,0.539,Sell
1585141578.0905,6576.0,0.55,Sell
1585141579.0932,6575.0,0.338,Sell
1585141580.0949,6573.5,0.706,Sell
1585141581.0977,6573.0,0.029,Buy
1585141581.0977,6573.0,0.896,Buy
1585141597.0887,6575.5,3.466,Sell
1585141598.0903,6575.5,0.419,Sell
1585141617.0887,6573.5,0.741,Sell
1585141618.0904,6572.5,0.793,Sell
1585141619.093,6572.5,0.552,Sell
1585141620.0947,6573.0,0.655,Buy
1585141637.0889,6581.0,0.25,Sell
1585141638.0905,6581.5,1.06,Sell
1585141639.0932,6581.5,0.279,Sell
1585141640.0949,6578.5,2.747,Sell
1585141641.0977,6580.0,0.3,Sell
1585141657.0888,6581.5,0.077,Buy
1585141658.0906,6581.5,1.003,Buy
1585141659.0933,6581.0,0.706,Sell
1585141660.095,6581.0,2.053,Sell
1585141677.0893,6584.0,1.938,Buy
1585141678.0911,6584.0,0.612,Buy
1585141679.094,6585.5,0.749,Sell
1585141680.0958,6585.5,0.405,Buy
1585141697.0891,6578.5,0.174,Buy
1585141698.0906,6579.0,0.942,Buy
1585141699.0933,6579.0,0.598,Sell
1585141701.0979,6580.0,0.527,Buy
1585141701.098,6580.0,0.709,Buy
1585141717.0887,6572.0,0.602,Buy
1585141718.0904,6572.0,0.751,Sell
1585141719.0931,6572.0,0.529,Sell
1585141720.0949,6571.0,0.895,Buy
1585141737.0888,6578.0,0.348,Buy
1585141738.0904,6578.5,0.146,Sell
1585141739.0932,6578.5,0.921,Buy
1585141740.095,6578.5,0.367,Sell
1585141757.0888,6576.0,0.743,Buy
1585141758.0905,6573.5,0.354,Buy
1585141759.0951,6573.5,0.435,Sell
1585141760.0968,6573.0,0.754,Sell
1585141761.1038,6573.0,0.751,Buy
1585141761.1038,6573.0,0.192,Buy
1585141777.0888,6575.0,0.037,Sell
1585141778.0904,6575.0,0.803,Buy
1585141779.0931,6575.0,0.168,Sell
1585141780.0949,6575.0,0.243,Sell
1585141797.0888,6579.0,0.296,Buy
1585141798.0904,6583.0,0.7,Sell
1585141799.0933,6584.0,0.449,Sell
1585141800.0951,6584.0,0.562,Sell
1585141817.0888,6584.0,0.656,Buy
1585141818.0904,6584.0,0.339,Sell
1585141819.0931,6584.0,0.629,Sell
1585141820.0949,6584.5,0.741,Sell
1585141821.0978,6584.0,0.224,Sell
1585141837.0889,6582.0,0.662,Buy
1585141838.0906,6582.0,0.32,Buy
1585141839.0933,6581.0,0.012,Sell
1585141840.0951,6580.5,0.139,Sell
1585141857.0888,6584.0,0.022,Buy
1585141858.0904,6584.0,0.095,Buy
1585141859.0931,6584.5,0.74,Sell
1585141860.0949,6582.5,2.8,Sell
1585141877.0889,6582.5,0.925,Buy
1585141878.0905,6583.0,0.25,Buy
1585141879.0933,6583.0,0.974,Sell
1585141880.0951,6581.5,0.92,Sell
1585141881.1023,6579.0,0.462,Buy
1585141881.1024,6579.0,0.416,Buy
1585141897.0889,6580.5,0.454,Buy
1585141898.0905,6581.5,0.034,Buy
1585141900.0949,6580.0,0.218,Sell
1585141917.0889,6583.5,0.242,Sell
1585141918.0905,6584.5,4.62,Buy
1585141937.0888,6604.0,0.855,Sell
1585141938.0904,6600.5,0.306,Buy
1585141939.0931,6598.0,0.599,Buy
1585141941.0977,6596.0,0.619,Sell
1585141957.0888,6602.0,0.482,Sell
1585141958.0905,6602.0,0.571,Buy
1585141959.0931,6603.5,0.115,Buy
1585141960.0948,6603.5,0.614,Buy
1585141977.0889,6608.5,0.948,Sell
1585141978.0905,6607.5,0.183,Buy
1585141979.0933,6609.5,0.277,Buy
1585141980.0951,6609.5,0.168,Sell
1585141997.089,6609.0,0.011,Sell
1585141998.0907,6609.0,0.381,Buy
1585141999.0935,6609.5,0.422,Buy
1585142000.0953,6604.5,0.603,Sell
1585142001.0982,6602.0,0.293,Buy
1585142001.0983,6602.0,0.926,Buy
1585142018.0912,6604.0,0.217,Buy
1585142019.094,6604.5,0.667,Sell
1585142037.0889,6608.0,4.932,Buy
1585142038.0906,6608.5,0.716,Buy
1585142039.0933,6608.5,0.738,Buy
1585142040.095,6608.0,0.732,Sell
1585142057.0889,6602.5,0.164,Buy
1585142058.0905,6604.0,0.76,Sell
1585142059.0933,6604.0,0.616,Buy
1585142061.098,6607.0,0.489,Sell
1585142061.0981,6607.0,0.245,Sell
1585142077.0888,6607.5,0.903,Sell
1585142079.0932,6608.0,3.805,Buy
1585142080.0949,6608.5,0.846,Sell
1585142097.089,6608.5,0.794,Sell
1585142098.0907,6609.5,0.898,Buy
1585142099.0934,6611.5,0.469,Buy
1585142100.0952,6611.5,0.474,Buy
1585142117.0888,6614.5,0.178,Sell
1585142118.0905,6615.0,1.165,Sell
1585142119.0935,6614.5,0.206,Buy
1585142120.0953,6617.0,0.876,Buy
1585142121.1026,6618.5,0.471,Sell
1585142121.1029,6618.5,0.909,Sell
1585142137.0888,6618.5,0.02,Sell
1585142138.0904,6618.5,0.451,Sell
1585142138.0904,6618.5,0.53,Sell
1585142157.0889,6618.5,0.379,Sell
1585142157.0889,6618.5,2.29,Sell
1585142158.0905,6615.0,0.085,Sell
1585142159.0934,6614.5,0.04,Buy
1585142160.0951,6609.5,0.459,Buy
1585142177.0889,6611.0,0.222,Sell
1585142178.0906,6610.0,0.233,Sell
1585142179.0935,6609.5,2.907,Buy
1585142180.0953,6609.5,0.995,Buy
1585142181.0983,6609.5,0.569,Sell
1585142181.0983,6609.5,0.648,Sell
1585142197.0888,6604.0,0.18,Buy
1585142198.0904,6602.5,0.572,Sell
1585142199.0933,6603.0,0.244,Sell
1585142217.0889,6593.5,0.955,Sell
1585142218.0905,6593.5,4.4,Sell
1585142219.0934,6594.5,0.23,Sell
1585142220.0952,6596.0,0.427,Buy
1585142237.0888,6602.0,0.553,Sell
1585142238.0904,6601.0,0.529,Sell
1585142239.0934,6599.5,3.609,Buy
1585142241.0993,6598.0,0.294,Buy
1585142241.0993,6598.0,0.762,Buy
1585142257.0889,6595.5,0.205,Sell
1585142259.0933,6596.0,0.079,Sell
1585142260.095,6596.0,0.436,Buy
1585142277.0891,6600.5,0.593,Buy
1585142278.0907,6601.0,0.269,Sell
1585142279.0936,6602.0,0.28,Buy
1585142280.0953,6602.5,0.809,Buy
1585142297.0887,6595.5,0.317,Sell
1585142298.0903,6596.5,0.483,Sell
1585142299.0931,6601.0,0.749,Buy
1585142300.0948,6600.0,2.703,Buy
1585142301.0977,6600.0,0.974,Buy
1585142301.0978,6600.0,1.698,Buy
1585142317.0889,6601.5,0.046,Buy
1585142318.0905,6601.0,0.564,Sell
1585142319.0941,6601.0,0.482,Buy
1585142320.0958,6601.0,0.207,Sell
1585142337.089,6601.5,0.75,Sell
1585142338.0906,6602.0,0.22,Buy
1585142339.0932,6601.0,0.63,Sell
1585142340.0949,6604.5,0.891,Sell
1585142357.0888,6606.5,0.364,Buy
1585142358.0905,6606.5,0.02,Buy
1585142359.0934,6606.5,0.485,Sell
1585142360.0952,6607.5,0.312,Buy
1585142377.0888,6608.5,0.349,Buy
1585142378.0905,6609.0,0.329,Buy
1585142379.0933,6607.5,0.837,Sell
1585142397.0889,6604.5,0.129,Buy
1585142398.0905,6604.5,0.358,Buy
1585142399.0932,6604.0,0.425,Sell
1585142400.095,6604.0,0.735,Sell
1585142417.0889,6597.0,0.543,Buy
1585142419.0933,6598.0,0.637,Sell
1585142420.0951,6596.5,0.045,Sell
1585142421.0979,6596.5,3.131,Buy
1585142421.098,6596.5,0.665,Buy
1585142437.089,6594.0,0.002,Sell
1585142438.0907,6595.5,0.231,Sell
1585142439.0938,6595.5,0.675,Sell
1585142440.0955,6596.0,0.291,Sell
1585142457.0887,6597.5,0.969,Buy
1585142458.0903,6597.5,1.684,Sell
1585142459.093,6597.5,0.038,Sell
1585142460.0946,6597.5,0.113,Sell
1585142477.0889,6595.0,0.485,Buy
1585142478.0905,6595.5,0.349,Sell
1585142479.0932,6592.0,0.611,Sell
1585142480.0948,6589.5,0.813,Buy
1585142481.1018,6589.5,0.008,Buy
1585142497.0887,6597.0,0.444,Sell
1585142499.0931,6597.5,0.161,Sell
1585142500.0949,6596.5,0.505,Sell
1585142517.0888,6592.5,0.211,Buy
1585142518.0905,6592.5,0.476,Sell
1585142519.0935,6593.0,0.664,Buy
1585142520.0952,6592.0,3.567,Sell
1585142537.0888,6585.0,0.795,Buy
1585142538.0904,6585.5,0.612,Buy
1585142539.0932,6587.0,0.457,Buy
1585142540.0949,6585.5,3.842,Sell
1585142557.0888,6581.0,0.667,Sell
1585142558.0904,6583.5,0.638,Buy
1585142559.0932,6583.5,0.475,Buy
1585142560.0949,6581.5,0.733,Sell
1585142577.0888,6586.0,0.372,Sell
1585142578.0904,6585.0,0.705,Buy
1585142579.0933,6584.5,1.002,Sell
1585142580.095,6584.5,1.027,Sell
1585142599.0932,6582.0,0.092,Buy
1585142600.0949,6582.0,0.889,Sell
1585142601.0977,6582.0,0.429,Sell
1585142617.0888,6580.0,1.947,Sell
1585142619.0933,6580.0,0.08,Buy
1585142620.095,6581.0,0.061,Buy
1585142639.0932,6580.5,0.407,Buy
1585142640.0949,6581.0,0.311,Sell
1585142657.0888,6580.5,3.854,Sell
1585142658.0904,6580.5,0.779,Buy
1585142659.0932,6581.5,0.703,Sell
1585142677.0889,6586.0,0.481,Buy
1585142678.0905,6586.5,0.186,Buy
1585142679.0934,6586.5,0.892,Sell
1585142680.0951,6586.5,0.616,Sell
1585142698.0906,6579.5,0.621,Buy
1585142699.0932,6581.5,0.931,Sell
1585142717.0891,6579.5,1.148,Buy
1585142718.0908,6579.5,0.189,Buy
1585142719.0936,6580.0,0.62,Buy
1585142720.0953,6583.0,0.513,Sell
1585142738.0906,6583.5,0.801,Buy
1585142739.0943,6586.0,0.312,Buy
1585142740.096,6584.0,0.855,Sell
1585142757.0889,6582.0,0.113,Sell
1585142758.0906,6582.0,0.975,Buy
1585142759.0933,6582.0,3.281,Buy
1585142760.095,6584.0,0.815,Buy
1585142777.0888,6577.5,0.296,Sell
1585142778.0904,6577.5,0.231,Sell
1585142779.093,6577.5,0.043,Buy
1585142780.0947,6577.5,1.502,Buy
1585142797.0889,6585.5,0.921,Sell
1585142799.0933,6586.5,0.543,Buy
1585142800.0951,6585.5,1.641,Buy
1585142817.0888,6581.5,0.7,Sell
1585142818.0905,6581.5,0.196,Sell
1585142819.0931,6581.5,0.719,Buy
1585142837.0889,6586.5,0.692,Sell
1585142838.0905,6587.0,0.822,Sell
1585142839.0932,6587.0,0.775,Buy
1585142840.0949,6586.5,0.854,Buy
1585142857.0888,6587.0,1.01,Sell
1585142858.0904,6586.5,0.419,Sell
1585142859.0933,6585.5,0.023,Buy
1585142860.0949,6586.5,0.527,Buy
1585142877.0889,6598.5,0.648,Sell
1585142878.0906,6601.5,0.076,Buy
1585142879.0935,6601.0,0.942,Buy
1585142880.0952,6600.0,0.329,Sell
1585142897.0887,6602.5,0.962,Sell
1585142898.0904,6602.5,0.585,Buy
1585142899.093,6602.5,0.388,Buy
1585142917.0888,6604.0,0.464,Sell
1585142918.0905,6603.0,0.031,Sell
1585142919.0935,6604.0,2.351,Sell
1585142920.0952,6601.0,0.999,Buy
1585142937.0888,6607.5,2.136,Buy
1585142938.0905,6607.5,3.81,Sell
1585142939.0932,6607.0,0.855,Buy
1585142957.0888,6605.5,0.059,Buy
1585142958.0904,6606.0,0.097,Sell
1585142960.0947,6605.0,0.324,Buy
1585142977.0889,6599.0,0.351,Buy
1585142978.0906,6600.0,0.119,Sell
1585142979.0935,6600.0,0.573,Buy
1585142997.0888,6598.5,0.087,Buy
1585142998.0905,6599.0,0.235,Sell
1585142999.0931,6598.0,0.309,Sell
1585143000.0948,6598.5,0.699,Buy
1585143019.0933,6592.0,0.413,Sell
1585143020.0949,6592.0,0.898,Buy
1585143037.0888,6581.0,0.675,Buy
1585143038.0904,6577.5,0.464,Sell
1585143039.0932,6577.5,0.041,Sell
1585143040.095,6578.0,0.124,Buy
1585143057.0888,6562.0,0.629,Sell
1585143058.091,6562.5,0.465,Sell
1585143059.0938,6563.0,0.612,Sell
1585143060.0955,6565.0,0.48,Buy
1585143077.0894,6574.0,0.89,Sell
1585143078.0911,6575.5,4.561,Sell
1585143079.0939,6573.0,1.23,Sell
1585143080.0955,6574.0,0.913,Buy
1585143664.8362,6739.0,0.867,Buy
1585143665.84,6739.0,0.308,Buy
1585143666.8456,6733.5,0.851,Sell
1585143667.8494,6731.5,0.697,Sell
1585143684.8358,6728.5,0.622,Buy
1585143685.8397,6727.0,0.802,Buy
1585143686.8445,6724.0,0.782,Buy
1585143687.8482,6722.0,0.366,Sell
1585143704.8359,6726.0,0.544,Sell
1585143705.8376,6724.0,0.011,Buy
1585143706.8423,6728.0,2.916,Buy
1585143707.844,6729.0,0.109,Sell
1585143724.8744,6730.0,0.592,Sell
1585143726.8787,6733.5,0.118,Buy
1585143727.8803,6735.5,0.235,Sell
1585143744.8338,6738.5,0.354,Sell
1585143746.8381,6740.5,0.004,Buy
1585143747.8397,6745.5,0.702,Buy
1585143764.8338,6740.0,0.027,Buy
1585143765.8354,6739.0,0.979,Buy
1585143766.8381,6739.0,0.741,Buy
1585143767.8397,6739.0,0.952,Buy
1585143784.8338,6725.0,0.742,Sell
1585143785.8354,6726.0,1.743,Buy
1585143786.8392,6725.0,0.792,Buy
1585143787.8409,6726.0,0.652,Buy
1585143804.8337,6719.0,0.115,Sell
1585143805.8354,6718.0,0.873,Sell
1585143806.8382,6715.5,3.992,Buy
1585143807.8399,6720.0,0.009,Sell
1585143824.8338,6721.0,0.979,Sell
1585143825.8354,6721.0,0.121,Sell
1585143844.8339,6711.5,2.592,Sell
1585143845.8355,6711.0,4.839,Sell
1585143846.8382,6712.5,0.432,Buy
1585143864.8338,6695.0,1.419,Sell
1585143865.8354,6695.0,0.422,Buy
1585143866.8382,6697.0,0.655,Buy
1585143884.8338,6700.5,0.675,Sell
1585143885.8354,6697.5,0.406,Sell
1585143886.8381,6698.5,0.314,Sell
1585143887.8399,6697.0,0.968,Buy
1585143904.8338,6703.5,0.064,Sell
1585143905.8355,6706.0,0.744,Sell
1585143906.8382,6704.0,0.442,Sell
1585143907.8399,6701.5,0.565,Buy
1585143924.8338,6691.0,0.649,Buy
1585143925.8355,6693.0,0.175,Sell
1585143926.8392,6692.5,0.248,Sell
1585143927.8408,6694.5,0.096,Buy
1585143944.8338,6692.0,0.898,Sell
1585143945.8355,6693.0,0.071,Sell
1585143946.8383,6693.5,0.955,Sell
1585143964.8339,6691.5,0.675,Sell
1585143965.8355,6694.5,0.09,Sell
1585143966.8383,6692.5,0.027,Sell
1585143967.8399,6690.5,4.381,Buy
1585143984.8338,6699.0,0.844,Sell
1585143985.8355,6699.0,0.073,Sell
1585143986.8382,6698.5,0.826,Buy
1585143987.8399,6698.5,0.896,Buy
1585144004.8338,6696.0,0.5,Buy
1585144005.8355,6696.0,0.612,Sell
1585144006.8381,6696.0,0.152,Buy
1585144007.8398,6692.5,0.28,Buy
1585144024.8339,6671.0,0.168,Buy
1585144025.8355,6672.5,0.796,Sell
1585144026.8382,6677.5,0.266,Buy
1585144027.8399,6683.0,0.3,Buy
1585144044.8337,6672.0,0.624,Buy
1585144045.8354,6670.5,3.086,Sell
1585144046.8381,6670.5,0.486,Sell
1585144047.8397,6671.0,2.609,Buy
1585144064.8337,6685.5,0.751,Sell
1585144065.8354,6684.0,0.194,Sell
1585144066.8381,6684.0,0.093,Sell
1585144067.8398,6684.0,0.83,Buy
1585144084.8338,6679.5,0.251,Sell
1585144085.8354,6680.0,0.073,Sell
1585144086.8382,6682.0,0.552,Sell
1585144087.8399,6681.0,0.505,Buy
1585144104.8337,6680.0,0.881,Buy
1585144105.8354,6685.0,0.865,Buy
1585144106.8381,6687.0,0.761,Sell
1585144107.8397,6687.5,0.278,Sell
1585144124.8337,6688.5,0.795,Buy
1585144125.8354,6689.0,0.256,Sell
1585144126.8381,6683.5,0.95,Sell
1585144127.8397,6682.0,0.343,Sell
1585144144.8338,6679.5,0.054,Buy
1585144145.8355,6682.0,1.056,Sell
1585144146.8383,6682.5,0.913,Sell
1585144147.84,6681.5,4.69,Sell
1585144164.834,6692.0,0.735,Sell
1585144165.8357,6694.5,0.74,Sell
1585144166.8384,6698.5,0.055,Buy
1585144167.84,6699.5,0.317,Sell
1585144184.8337,6692.0,0.442,Buy
1585144185.8354,6695.0,0.885,Sell
1585144186.8381,6697.0,0.439,Sell
1585144204.8338,6694.0,0.515,Buy
1585144205.8355,6691.5,0.344,Buy
1585144206.8382,6692.0,0.931,Sell
1585144207.8398,6692.0,0.338,Sell
1585144224.8337,6685.0,0.735,Sell
1585144225.8354,6691.0,0.685,Buy
1585144226.8381,6690.5,0.516,Sell
1585144244.8338,6694.5,1.041,Buy
1585144245.8355,6693.0,0.514,Buy
1585144246.8382,6692.5,0.578,Sell
1585144247.8399,6693.0,0.108,Sell
1585144264.8337,6690.0,2.593,Sell
1585144265.8354,6691.0,0.257,Buy
1585144266.8383,6691.0,0.591,Sell
1585144267.84,6692.5,0.907,Sell
1585144284.8338,6683.5,1.289,Buy
1585144285.8354,6682.5,4.437,Buy
1585144286.8382,6682.5,0.131,Sell
1585144287.8401,6681.0,0.582,Sell
1585144304.8338,6672.0,0.457,Sell
1585144306.8383,6666.0,0.424,Buy
1585144307.84,6663.5,0.418,Sell
1585144322.4803,6657.0,0.1,Buy
1585144324.8337,6656.5,0.848,Sell
1585144325.8353,6660.0,1.575,Sell
1585144326.838,6663.5,2.323,Sell
1585144327.8397,6660.5,0.762,Sell
1585144344.8337,6639.5,0.494,Buy
1585144345.8354,6637.5,0.07,Buy
1585144346.8381,6635.0,0.159,Sell
1585144364.8337,6641.0,4.644,Sell
1585144365.8354,6640.5,0.149,Buy
1585144367.8399,6641.0,0.02,Buy
1585144384.8337,6644.0,4.493,Sell
1585144392.2224,6638.5,0.1,Sell
1585144396.6532,6637.5,0.1,Buy
1585144404.8338,6629.5,0.243,Sell
1585144405.8354,6629.5,0.618,Buy
1585144406.8381,6629.5,0.611,Sell
1585144407.8397,6624.5,0.445,Sell
1585144424.8345,6626.0,0.857,Sell
1585144425.8362,6625.5,0.511,Buy
1585144426.8388,6626.5,0.924,Sell
1585144427.8404,6623.5,0.603,Sell
1585144444.8339,6621.0,0.444,Buy
1585144445.8356,6617.0,0.736,Buy
1585144446.8392,6616.5,3.702,Sell
1585144464.8338,6620.0,0.987,Sell
1585144465.8354,6620.0,0.835,Buy
1585144466.8381,6620.5,0.576,Buy
1585144467.8398,6618.0,0.329,Sell
1585144484.8338,6618.5,0.766,Sell
1585144485.8354,6625.0,0.013,Buy
1585144486.8381,6624.0,0.238,Buy
1585144487.8398,6627.0,4.811,Sell
1585144504.8338,6629.0,0.043,Sell
1585144505.8355,6627.5,0.674,Buy
1585144506.8399,6629.0,0.331,Buy
1585144507.8416,6626.5,0.069,Buy
1585144524.8337,6617.0,0.837,Sell
1585144525.8354,6619.0,0.056,Buy
1585144526.8381,6620.5,0.849,Buy
1585144527.8398,6615.5,0.537,Buy
1585144544.8338,6594.0,0.957,Sell
1585144545.8354,6593.5,0.865,Sell
1585144546.8381,6593.5,0.442,Buy
1585144547.8398,6594.0,0.522,Buy
1585144564.8338,6609.5,0.979,Sell
1585144565.8355,6611.0,0.258,Sell
1585144566.8382,6610.0,0.308,Sell
1585144584.8338,6610.5,0.182,Sell
1585144585.8355,6611.5,0.968,Sell
1585144586.8383,6612.5,0.678,Sell
1585144587.84,6615.5,0.497,Buy
1585144604.8338,6624.5,0.415,Sell
1585144605.8355,6626.5,0.64,Buy
1585144606.8382,6625.0,0.269,Buy
1585144607.8398,6625.5,0.942,Buy
1585144624.8337,6624.0,0.236,Sell
1585144625.8353,6624.5,0.77,Sell
1585144626.8381,6624.0,0.898,Buy
1585144644.8338,6618.5,3.032,Sell
1585144645.8354,6619.0,0.975,Sell
1585144646.8381,6619.0,0.95,Sell
1585144647.8397,6618.5,0.417,Buy
1585144664.8339,6625.0,0.93,Sell
1585144665.8355,6627.0,0.092,Sell
1585144666.8382,6626.0,0.876,Buy
1585144667.8394,6625.5,0.1,Sell
1585144668.0152,6625.5,0.1,Sell
1585144684.8338,6622.5,0.508,Buy
1585144685.8354,6620.0,1.415,Sell
1585144686.8382,6621.5,0.932,Sell
1585144687.8399,6621.0,1.695,Buy
1585144704.8338,6610.0,0.87,Sell
1585144705.8357,6611.0,0.282,Sell
1585144706.8386,6611.0,0.064,Sell
1585144707.8403,6607.0,0.695,Buy
1585144724.8338,6611.0,0.715,Sell
1585144725.8354,6610.0,0.648,Sell
1585144726.8382,6608.0,0.445,Buy
1585144727.84,6607.0,0.615,Sell
1585144744.8336,6596.5,0.154,Sell
1585144745.8353,6596.5,3.751,Sell
1585144746.8379,6596.0,0.127,Sell
1585144747.8395,6601.5,0.597,Sell
1585144764.8339,6575.5,0.384,Buy
1585144765.8355,6575.5,0.241,Sell
1585144766.8382,6573.5,0.301,Sell
1585144767.8399,6576.5,0.716,Sell
1585144784.8338,6594.5,2.358,Buy
1585144786.838,6597.5,4.663,Sell
1585144787.8397,6585.0,0.499,Sell
1585144804.8338,6570.0,0.1,Buy
1585144805.8354,6569.5,0.333,Sell
1585144806.8381,6568.5,0.3,Sell
1585144807.8397,6566.5,0.638,Sell
1585144824.8339,6584.0,0.631,Buy
1585144825.8355,6585.5,0.637,Sell
1585144826.8382,6582.5,0.473,Sell
1585144844.8337,6571.5,0.156,Buy
1585144845.8354,6573.0,0.915,Sell
1585144846.8381,6575.5,0.432,Sell
1585144847.8397,6578.0,0.61,Buy
1585144864.8338,6553.5,0.405,Buy
1585144865.8355,6550.5,0.449,Buy
1585144866.8382,6549.5,0.766,Sell
1585144867.8398,6548.5,0.37,Buy
1585144884.8338,6571.0,0.19,Buy
1585144885.8354,6570.5,0.094,Sell
1585144887.8397,6568.5,0.069,Sell
1585144905.8354,6583.5,0.839,Buy
1585144906.8381,6586.5,0.766,Sell
1585144907.8397,6586.0,0.693,Sell
1585144924.8337,6587.0,0.024,Buy
1585144925.8355,6589.0,0.727,Sell
1585144926.8382,6591.0,0.706,Sell
1585144927.8399,6588.5,0.838,Sell
1585144944.8338,6564.5,0.777,Buy
1585144945.8355,6575.0,0.055,Sell
1585144946.8382,6574.0,0.226,Buy
1585144947.8398,6571.5,0.496,Sell
1585144965.8354,6557.0,0.001,Buy
1585144966.8436,6561.0,0.661,Buy
1585144967.8454,6560.5,0.197,Sell
1585144984.8339,6554.5,0.56,Sell
1585144985.8356,6553.5,0.88,Buy
1585144986.8382,6555.5,0.028,Sell
1585144987.8399,6556.0,0.273,Sell
1585145004.8338,6553.0,0.099,Buy
1585145006.8381,6551.5,2.809,Buy
1585145007.8397,6550.5,0.281,Sell
1585145024.8338,6545.0,0.322,Buy
1585145025.8354,6545.0,0.934,Buy
1585145026.838,6542.0,0.369,Sell
1585145045.8356,6545.5,0.787,Sell
1585145047.8399,6547.0,0.489,Sell
1585145064.834,6522.0,0.578,Sell
1585145065.8357,6520.0,0.877,Buy
1585145066.8383,6521.0,0.493,Sell
1585145067.84,6516.0,0.51,Sell
1585145084.8338,6538.0,0.101,Sell
1585145085.8355,6543.0,0.328,Buy
1585145086.8383,6541.0,0.262,Buy
1585145087.8399,6542.0,1.74,Sell
1585145104.8337,6548.0,0.019,Sell
1585145105.8354,6548.0,0.027,Buy
1585145106.8382,6553.0,0.084,Buy
1585145107.8398,6551.0,0.888,Sell
1585145124.8338,6548.5,0.152,Buy
1585145125.8355,6548.5,0.724,Buy
1585145126.8382,6551.5,0.599,Buy
1585145127.8398,6553.5,0.785,Sell
1585145144.8337,6545.0,0.484,Buy
1585145145.8354,6545.0,0.581,Sell
1585145146.8381,6547.5,0.497,Buy
1585145147.8397,6547.0,0.301,Sell
1585145164.8339,6564.5,0.281,Sell
1585145165.8356,6566.0,0.558,Sell
1585145166.8384,6566.5,0.603,Buy
1585145167.84,6566.0,0.388,Buy
1585145184.8337,6580.0,0.816,Sell
1585145185.8354,6580.0,0.513,Buy
1585145186.8382,6580.5,0.564,Buy
1585145204.8338,6577.0,3.629,Sell
1585145205.8355,6578.5,2.181,Sell
1585145206.8382,6579.0,0.715,Buy
1585145207.8398,6579.0,0.333,Sell
1585145224.8338,6578.5,3.982,Buy
1585145226.8383,6575.5,0.495,Buy
1585145227.84,6573.5,3.093,Buy
1585145244.8339,6576.5,1.864,Buy
1585145245.8356,6575.0,0.457,Sell
1585145246.8383,6575.0,0.723,Buy
1585145247.84,6575.5,0.703,Buy
1585145264.8337,6563.5,0.945,Sell
1585145265.8354,6561.0,4.803,Sell
1585145267.8398,6562.0,0.681,Sell
1585145284.8339,6554.5,0.647,Sell
1585145285.8356,6554.0,0.005,Sell
1585145286.8383,6553.5,0.35,Buy
1585145287.8399,6553.5,1.348,Sell
1585145304.8338,6556.5,0.903,Sell
1585145305.8354,6557.5,0.81,Buy
1585145306.8381,6557.5,0.921,Buy
1585145307.8398,6557.5,0.356,Sell
1585145324.8337,6569.5,0.894,Sell
1585145325.8354,6568.0,0.496,Buy
1585145326.8383,6567.5,0.101,Sell
1585145327.84,6568.5,0.817,Buy
1585145344.8338,6573.5,0.797,Sell
1585145345.8355,6574.5,0.398,Sell
1585145346.8382,6573.5,0.032,Sell
1585145347.8398,6574.0,0.622,Buy
1585145364.8336,6576.0,2.475,Buy
1585145365.8352,6574.0,0.894,Sell
1585145366.838,6575.5,0.309,Sell
1585145367.8396,6575.0,0.001,Buy
1585145384.8339,6575.5,0.147,Sell
1585145385.8356,6575.5,0.551,Sell
1585145386.8383,6571.5,0.634,Sell
1585145387.84,6574.0,0.841,Buy
1585145404.834,6581.5,0.872,Buy
1585145405.8357,6581.5,0.51,Sell
1585145406.839,6580.0,0.079,Sell
1585145407.8407,6581.0,0.184,Sell
1585145424.8337,6597.5,0.573,Sell
1585145425.8353,6595.5,0.084,Sell
1585145426.838,6596.0,0.171,Sell
1585145427.8396,6593.0,0.244,Buy
1585145444.8337,6579.5,0.848,Sell
1585145445.8354,6576.0,0.886,Sell
1585145446.8381,6574.5,0.49,Buy
1585145447.8397,6575.5,0.447,Sell
1585145464.8338,6565.0,0.887,Buy
1585145465.8354,6562.5,0.84,Sell
1585145466.8381,6562.0,0.445,Buy
1585145467.8397,6562.5,1.628,Buy
1585145484.8337,6565.0,0.292,Sell
1585145485.8354,6563.0,0.789,Sell
1585145486.8381,6562.5,0.416,Sell
1585145487.8398,6562.5,0.792,Buy
1585145504.8338,6554.5,0.094,Sell
1585145505.8354,6557.5,0.377,Sell
1585145506.8381,6558.5,0.967,Sell
1585145507.8397,6556.0,0.842,Buy
1585145524.8337,6563.5,0.712,Sell
1585145525.8354,6565.5,0.919,Sell
1585145526.8381,6566.0,0.935,Sell
1585145527.8397,6570.0,0.964,Buy
1585145544.8338,6573.5,0.939,Sell
1585145545.8354,6572.5,0.925,Buy
1585145546.8381,6570.5,0.959,Sell
1585145547.8397,6569.0,0.159,Sell
1585145564.8344,6558.0,3.014,Buy
1585145566.8388,6557.5,0.815,Sell
1585145584.834,6562.0,0.646,Buy
1585145585.8357,6562.0,0.652,Sell
1585145586.8385,6562.0,0.692,Sell
1585145587.8402,6562.0,0.117,Buy
1585145604.8339,6566.0,0.703,Buy
1585145605.8355,6568.0,0.989,Sell
1585145606.8547,6568.0,0.272,Sell
1585145607.8563,6568.0,0.312,Sell
1585145624.834,6565.5,0.646,Buy
1585145625.8357,6562.5,0.045,Sell
1585145626.8385,6562.5,0.343,Buy
1585145627.8402,6562.5,0.607,Sell
1585145644.8349,6564.5,0.499,Buy
1585145645.8365,6564.5,0.263,Buy
1585145646.8394,6564.5,0.259,Buy
1585145647.8411,6564.5,0.546,Sell
1585145664.834,6555.5,2.885,Buy
1585145665.8357,6555.5,4.448,Buy
1585145666.8386,6555.0,3.884,Sell
1585145667.8402,6555.0,0.214,Sell
1585145684.8339,6556.5,0.7,Buy
1585145685.8356,6558.0,0.378,Buy
1585145686.8384,6558.0,0.443,Sell
1585145687.8401,6560.5,2.553,Sell
1585145704.8339,6574.0,0.05,Buy
1585145705.8357,6574.0,3.687,Buy
1585145706.8534,6577.0,0.62,Sell
1585145707.855,6578.5,0.483,Sell
1585145724.834,6587.5,0.426,Buy
1585145725.8357,6587.5,1.871,Buy
1585145726.8561,6587.0,0.981,Sell
1585145727.8577,6588.0,0.145,Sell
1585145744.8339,6595.5,0.761,Sell
1585145745.8357,6595.5,0.458,Buy
1585145746.8385,6595.5,0.959,Sell
1585145747.8401,6595.5,0.654,Sell
1585145764.8339,6594.5,0.195,Buy
1585145765.8357,6594.5,0.214,Buy
1585145766.8396,6591.0,0.524,Buy
1585145767.8413,6590.5,0.662,Sell
1585145784.8341,6598.5,0.044,Buy
1585145785.8358,6598.5,0.793,Buy
1585145786.8396,6598.5,0.429,Sell
1585145787.8413,6599.0,0.818,Sell
1585145804.8339,6603.0,0.999,Buy
1585145805.8357,6603.0,0.601,Buy
1585145806.8385,6603.0,0.597,Sell
1585145807.8401,6603.0,0.366,Buy
1585145823.9084,6606.0,0.006,Sell
1585145824.8349,6610.0,1.158,Buy
1585145825.8366,6607.5,3.986,Sell
1585145826.8394,6606.0,0.044,Buy
1585145827.841,6606.0,0.485,Buy
1585145844.8347,6596.5,0.132,Sell
1585145845.8364,6596.5,0.62,Sell
1585145846.839,6596.0,0.907,Buy
1585145847.8406,6596.0,0.612,Sell
1585145864.8337,6600.5,3.061,Sell
1585145865.8354,6600.5,0.49,Buy
1585145867.8397,6602.0,0.47,Sell
1585145884.8338,6603.5,0.031,Sell
1585145885.8355,6603.5,0.251,Buy
1585145886.8382,6597.5,0.849,Sell
1585145887.84,6595.0,0.679,Sell
1585145904.834,6596.0,1.488,Sell
1585145905.8356,6593.5,0.403,Buy
1585145906.8384,6591.0,0.628,Buy
1585145907.84,6591.0,0.16,Buy
1585145924.8338,6586.5,0.95,Buy
1585145925.8354,6587.0,0.874,Sell
1585145926.8397,6593.0,0.032,Buy
1585145927.8413,6591.0,0.265,Sell
1585145943.5392,6588.5,0.009,Sell
1585145944.8338,6590.5,0.645,Sell
1585145945.8355,6587.5,4.676,Sell
1585145946.8382,6588.0,0.009,Buy
1585145947.8398,6589.5,0.066,Buy
1585145964.8337,6587.0,0.713,Sell
1585145965.8354,6588.0,0.075,Buy
1585145966.8381,6586.5,0.233,Buy
1585145967.8397,6587.0,0.664,Buy
1585145984.8336,6586.0,0.977,Sell
1585145985.8354,6586.5,0.029,Buy
1585145986.8381,6586.5,0.971,Buy
1585145987.8398,6587.0,0.386,Sell
1585146004.8336,6590.5,0.406,Sell
1585146005.8353,6589.0,2.199,Buy
1585146006.8379,6590.5,0.159,Buy
1585146007.8396,6591.0,0.395,Buy
1585146022.9723,6599.0,0.009,Buy
1585146024.8338,6599.5,0.122,Sell
1585146025.8355,6598.5,0.804,Sell
1585146026.8381,6598.5,1.963,Sell
1585146027.8397,6599.5,0.507,Buy
1585146044.8338,6599.5,0.184,Sell
1585146045.8354,6599.5,1.012,Sell
1585146046.8381,6600.5,0.243,Buy
1585146047.8397,6601.0,0.078,Buy
1585146064.8336,6595.0,0.026,Sell
1585146065.8352,6593.0,0.223,Buy
1585146066.8399,6592.0,0.628,Sell
1585146067.8416,6592.5,0.236,Buy
1585146084.8336,6586.5,0.259,Sell
1585146085.8354,6586.5,0.313,Sell
1585146106.8379,6585.5,0.913,Sell
1585146124.8339,6599.5,0.237,Sell
1585146125.8356,6598.0,0.722,Sell
1585146126.8383,6598.5,0.587,Sell
1585146145.8354,6603.5,0.62,Sell
1585146146.8381,6604.5,0.311,Sell
1585146165.8354,6604.5,0.01,Sell
1585146166.839,6604.5,1.727,Sell
1585146184.8338,6604.5,0.457,Sell
1585146184.8338,6604.5,1.44,Sell
1585146184.8338,6604.5,1.657,Sell
1585146185.8355,6604.5,0.755,Sell
1585146185.8355,6604.5,0.233,Sell
1585146187.8403,6604.5,0.227,Sell
1585146204.8338,6604.5,0.389,Sell
1585146205.8355,6604.5,0.227,Sell
1585146205.8355,6604.5,0.585,Sell
1585146206.8381,6604.5,0.244,Sell
1585146207.8398,6604.5,0.76,Sell
1585146207.8398,6604.5,1.185,Sell
1585146224.8341,6604.5,0.341,Sell
1585146224.8341,6604.5,1.26,Sell
1585146224.8341,6604.5,2.347,Sell
1585146226.8384,6604.5,0.846,Sell
1585146227.84,6604.5,0.846,Sell
1585146227.84,6604.5,1.521,Sell
1585146227.84,6604.5,2.608,Sell
1585146245.8356,6603.5,0.63,Sell
1585146246.8384,6604.5,0.709,Sell
1585146247.8401,6604.5,0.088,Sell
1585146266.838,6604.5,0.498,Sell
1585146267.8397,6604.5,0.938,Sell
1585146284.8343,6597.5,0.038,Sell
1585146285.836,6596.5,1.315,Sell
1585146287.8404,6594.0,0.504,Sell
1585146304.8336,6593.5,0.262,Sell
1585146305.8353,6592.5,0.706,Sell
1585146306.8392,6593.0,0.424,Sell
1585146307.8409,6592.5,0.445,Sell
1585146326.838,6594.0,4.429,Sell
1585146327.8397,6594.0,0.326,Buy
1585146344.8345,6586.5,0.216,Buy
1585146345.8362,6587.0,0.285,Buy
1585146346.8389,6586.5,1.119,Sell
1585146347.8405,6586.0,0.749,Sell
1585146364.8338,6586.0,3.476,Buy
1585146365.8354,6585.5,0.326,Buy
1585146366.8389,6586.0,0.174,Sell
1585146367.8406,6586.0,0.289,Sell
1585146424.8338,6586.5,0.346,Sell
1585146425.8354,6585.5,0.581,Buy
1585146426.8385,6587.0,0.276,Buy
1585146427.8401,6586.5,0.12,Sell
1585146444.8337,6588.0,0.155,Sell
1585146445.8353,6590.0,0.908,Sell
1585146446.8378,6592.0,0.094,Sell
1585146447.8395,6593.5,2.148,Sell
1585146464.834,6586.5,0.424,Sell
1585146465.8357,6587.0,0.541,Buy
1585146466.8387,6588.0,0.802,Sell
1585146467.8403,6587.5,0.335,Sell
1585146504.8337,6585.5,0.715,Buy
1585146505.8354,6586.0,2.576,Buy
1585146506.8382,6586.5,0.653,Buy
1585146507.8399,6586.5,0.491,Sell
1585146524.8337,6594.0,0.678,Sell
1585146525.8354,6594.0,0.957,Buy
1585146527.8397,6597.5,0.76,Sell
1585146544.8346,6598.5,0.416,Sell
1585146545.8363,6598.5,0.998,Buy
1585146546.8391,6597.5,0.622,Buy
1585146547.8408,6597.5,0.778,Sell
1585146564.8337,6598.0,0.358,Sell
1585146565.8354,6597.5,0.438,Buy
1585146566.838,6597.5,0.424,Buy
1585146567.8397,6597.5,0.682,Sell
1585146584.8339,6590.5,0.483,Sell
1585146585.8356,6591.0,0.96,Buy
1585146586.8386,6590.5,0.304,Buy
1585146587.8402,6591.0,0.921,Sell
1585146604.8337,6599.5,0.824,Sell
1585146605.8354,6601.0,0.876,Sell
1585146606.8381,6603.5,0.185,Buy
1585146607.8397,6602.5,0.776,Buy
1585146624.8338,6604.5,0.023,Sell
1585146644.8338,6604.5,1.542,Sell
1585146644.8338,6604.5,1.542,Sell
1585146647.8399,6604.5,0.036,Sell
1585146857.781,6605.0,0.004,Buy
1585146866.6216,6632.0,0.01,Buy
1585146873.1343,6629.0,0.004,Sell
1585146942.8112,6628.0,0.01,Sell
1585146982.9754,6629.0,0.019,Buy
1585147014.8122,6625.5,0.132,Sell
1585147137.8592,6632.5,1.0,Sell
1585147152.8996,6632.0,0.001,Buy
1585147154.5319,6631.0,0.001,Sell
1585147161.2323,6630.5,1.0,Buy
1585147165.9055,6630.0,0.001,Sell
1585147169.2773,6631.5,0.001,Buy
1585147183.7329,6633.0,0.041,Buy
1585147249.0384,6636.0,1.0,Buy
1585147309.7549,6638.0,0.001,Buy
1585147314.0946,6638.0,1.0,Sell
1585147316.9854,6639.0,0.001,Sell
1585147366.974,6640.0,0.1,Buy
1585147375.4989,6637.0,0.001,Buy
1585147412.6343,6630.0,0.099,Sell
1585147460.0327,6625.0,0.008,Sell
1585147460.8919,6620.5,0.001,Buy
1585147461.0327,6620.0,0.1,Sell
1585147462.9551,6598.5,0.001,Sell
1585147513.4459,6593.0,0.577,Buy
1585147624.5328,6600.0,0.1,Sell
1585147728.1681,6580.0,0.017,Sell
1585147728.1681,6580.0,0.041,Sell
1585147728.1681,6580.0,0.1,Sell
1585147761.5615,6583.5,0.001,Sell
1585147827.6732,6581.5,0.001,Sell
1585148038.527,6604.0,0.087,Buy
1585148117.7129,6594.5,0.132,Buy
1585148152.264,6592.0,2.912,Buy
1585148152.264,6592.5,4.049,Buy
1585148153.9712,6590.0,0.087,Sell
1585148555.5739,6625.5,5.332,Sell
1585148555.5739,6625.5,1.629,Sell
1585148591.5326,6621.0,0.003,Buy
1585148600.4848,6616.5,0.003,Sell
1585148617.1159,6613.0,0.002,Sell
1585148618.9186,6612.0,0.015,Sell
1585148638.0619,6615.0,0.001,Buy
1585148638.0619,6620.0,0.064,Buy
1585148655.4469,6620.0,0.015,Buy
1585148655.6422,6620.0,0.015,Buy
1585148666.6045,6620.0,0.002,Buy
1585148685.9327,6620.0,0.004,Buy
1585148743.5329,6625.0,0.1,Buy
1585148744.2336,6626.5,0.001,Buy
1585148827.3717,6630.0,0.001,Buy
1585148847.2906,6635.0,0.1,Buy
1585148847.2906,6630.0,0.099,Buy
1585148847.2906,6635.0,0.302,Buy
1585148848.2196,6632.0,0.001,Sell
1585148848.2919,6632.0,0.001,Sell
1585148896.4463,6639.0,0.005,Sell
1585148900.5328,6639.5,0.734,Buy
1585148900.6327,6639.5,0.602,Buy
1585148900.7326,6639.5,0.65,Buy
1585148900.8327,6639.5,0.014,Buy
1585148935.4803,6649.5,0.002,Sell
1585148940.1523,6650.0,0.001,Buy
1585148943.7328,6650.0,0.008,Buy
1585148944.0328,6655.0,0.008,Buy
1585148966.3516,6656.5,0.001,Sell
1585148972.8797,6655.0,0.784,Sell
1585148994.9685,6655.5,0.777,Sell
1585149005.698,6662.0,0.001,Buy
1585149039.5513,6649.0,0.016,Buy
1585149046.561,6644.5,0.015,Sell
1585149054.1229,6645.0,0.002,Sell
1585149086.4104,6647.5,0.015,Sell
1585149088.5128,6648.0,0.015,Buy
1585149109.4898,6639.0,0.015,Sell
1585149116.7837,6637.5,0.015,Buy
1585149246.4501,6632.0,0.001,Sell
1585149304.2574,6635.0,0.001,Buy
1585149319.23,6627.5,0.001,Buy
1585149321.0829,6625.5,0.001,Sell
1585149330.0905,6626.0,0.015,Sell
1585149332.2317,6627.0,0.015,Buy
1585149357.1715,6619.5,0.001,Sell
1585149372.4954,6618.5,0.001,Buy
1585149379.5467,6620.5,0.001,Buy
1585149388.1819,6618.5,0.001,Buy
1585149393.8213,6619.5,0.001,Buy
1585149418.8442,6626.0,0.13,Sell
1585149425.5412,6622.5,0.001,Sell
1585149425.6453,6623.0,0.002,Buy
1585149449.2405,6623.5,0.002,Sell
1585149480.9968,6628.0,0.001,Sell
1585149488.4838,6630.0,0.001,Buy
1585149516.9483,6628.0,0.001,Sell
1585149582.4166,6632.0,0.001,Buy
1585149664.4335,6632.0,0.006,Buy
1585149727.9138,6642.0,0.501,Sell
1585149945.5476,6650.0,0.001,Buy
1585149969.6963,6650.0,0.001,Sell
1585150085.6237,6658.5,0.01,Sell
1585150105.9445,6654.5,0.01,Buy
1585150164.1875,6643.5,0.01,Sell
1585150178.6556,6641.0,2.238,Buy
1585150362.8417,6651.0,0.056,Buy
1585150455.6704,6639.5,0.056,Sell
1585150456.4699,6639.5,0.056,Sell
1585150465.4223,6637.0,0.25,Sell
1585150493.5311,6636.0,0.05,Buy
1585150562.6328,6642.0,0.785,Sell
1585150562.7327,6642.0,0.19,Sell
1585150562.8327,6642.0,0.025,Sell
1585150821.6596,6627.5,0.046,Sell
1585150821.665,6627.5,0.05,Sell
1585150911.0317,6612.0,0.056,Buy
1585150911.0371,6612.0,0.009,Buy
1585150911.727,6613.0,0.056,Buy
1585150932.2392,6614.5,0.056,Sell
1585150932.9292,6613.5,0.056,Sell
1585151082.8299,6613.5,0.027,Sell
1585151082.8299,6613.0,0.073,Sell
1585151132.5653,6614.0,0.001,Buy
1585151171.4328,6614.0,0.013,Buy
1585151188.2439,6624.0,0.001,Sell
1585151193.1263,6624.5,0.001,Buy
1585151260.4714,6619.5,0.001,Sell
1585151282.9999,6626.0,0.008,Buy
1585151283.2097,6626.0,0.008,Buy
1585151294.3721,6628.5,0.008,Sell
1585151294.5833,6628.5,0.008,Sell
1585151301.0623,6632.0,0.008,Buy
1585151414.9022,6619.5,0.007,Buy
1585151466.7847,6611.0,1.029,Sell
1585151523.2099,6606.0,0.139,Buy
1585151541.9595,6603.0,1.0,Sell
1585151681.509,6599.0,1.0,Buy
1585151706.1817,6599.5,0.1,Sell
1585151750.2328,6600.0,0.064,Buy
1585151762.2879,6610.0,0.002,Buy
1585151779.6351,6605.5,0.002,Sell
1585151907.633,6610.0,0.155,Buy
1585151907.7327,6610.0,0.715,Buy
1585151907.8328,6610.0,0.1,Buy
1585151907.9328,6610.0,0.03,Buy
1585151955.2327,6615.0,0.071,Buy
1585152093.4845,6618.5,0.01,Buy
1585152274.4337,6637.5,0.079,Buy
1585152292.3759,6638.0,0.079,Buy
1585152308.5522,6637.0,0.1,Buy
1585152378.7327,6620.0,0.001,Sell
1585152378.7327,6620.0,0.001,Sell
1585152378.9327,6619.0,0.001,Sell
1585152526.2847,6601.5,0.003,Sell
1585152602.7514,6612.5,0.001,Sell
1585152606.9144,6614.5,0.001,Sell
1585152623.6289,6615.0,1.0,Buy
1585152833.1444,6626.5,0.001,Buy
1585152999.7135,6643.0,0.069,Buy
1585152999.7135,6635.0,0.001,Buy
1585152999.7135,6635.0,0.001,Buy
1585153120.6622,6637.0,0.078,Buy
1585153138.2766,6636.0,0.002,Sell
1585153138.5604,6636.0,0.002,Sell
1585153158.6491,6641.5,1.0,Sell
1585153164.2805,6642.0,1.0,Buy
1585153192.0427,6641.0,0.01,Buy
1585153194.008,6639.5,0.01,Sell
1585153194.4617,6639.0,0.01,Sell
1585153198.3121,6639.0,0.01,Buy
1585153361.6833,6639.5,2.182,Sell
1585153470.9327,6643.0,0.006,Buy
1585153651.2336,6651.0,0.2,Buy
1585153651.2384,6660.0,0.002,Buy
1585153651.3327,6650.5,0.027,Sell
1585153657.5511,6660.0,0.998,Buy
1585153657.5511,6670.0,0.002,Buy
1585153658.9506,6670.0,0.006,Buy
1585153660.7328,6670.0,0.003,Buy
1585153680.3177,6671.5,0.001,Sell
1585153685.5282,6675.0,0.002,Buy
1585153688.0923,6677.0,0.002,Sell
1585153690.6721,6689.5,0.001,Sell
1585153695.4038,6685.5,0.001,Sell
1585153700.3728,6681.0,0.001,Sell
1585153746.5905,6691.0,0.135,Sell
1585153834.6373,6669.5,0.001,Buy
1585153870.3227,6659.5,0.05,Buy
1585153901.0428,6652.5,0.25,Buy
1585153901.4866,6650.5,0.25,Buy
1585153915.7025,6652.5,0.25,Sell
1585153916.1426,6652.0,0.25,Sell
1585153939.2022,6658.0,0.001,Sell
1585153939.479,6658.0,0.001,Sell
1585153993.0354,6666.5,0.001,Buy
1585153993.4184,6666.5,0.001,Buy
1585154115.2131,6676.0,0.05,Buy
1585154121.1084,6675.5,1.0,Buy
1585154167.2739,6670.5,1.0,Sell
1585154190.5629,6663.0,1.0,Buy
1585154198.3558,6656.0,0.001,Sell
1585154202.6744,6655.5,1.0,Sell
1585154264.8488,6670.0,0.001,Buy
1585154300.1716,6671.0,0.016,Sell
1585154371.7625,6685.0,0.109,Buy
1585154390.8369,6681.5,0.001,Sell
1585154400.0499,6683.0,0.009,Buy
1585154413.7816,6677.0,0.135,Buy
1585154517.5944,6683.5,0.001,Sell
1585154664.454,6686.0,0.082,Buy
1585154738.4356,6695.5,0.1,Sell
1585154763.739,6678.0,1.698,Buy
1585154766.1822,6676.0,0.05,Sell
1585154770.1744,6679.5,0.057,Buy
1585154779.2404,6686.0,0.05,Sell
1585154787.7324,6680.0,0.057,Sell
1585154847.4896,6676.0,0.082,Sell
1585154906.6245,6675.0,2.002,Buy
1585154981.7943,6678.0,1.0,Sell
1585155083.9256,6669.0,0.05,Buy
1585155585.6393,6664.5,5.54,Buy
1585155605.9674,6664.0,5.408,Sell
1585155605.9674,6661.5,0.132,Sell
1585155612.2544,6666.0,0.135,Buy
1585155646.0408,6657.5,0.135,Sell
1585155657.6205,6659.5,0.606,Buy
1585155692.4675,6651.0,0.05,Sell
1585155962.4147,6654.0,1.026,Sell
1585156038.8349,6652.5,0.264,Buy
1585156038.8349,6652.5,0.736,Buy
1585156064.4328,6652.5,0.009,Buy
1585156070.4327,6654.5,0.01,Buy
1585156123.1242,6668.0,0.012,Buy
1585156152.6466,6663.0,0.001,Sell
1585156239.4577,6675.5,0.199,Buy
1585156354.9478,6675.0,0.007,Buy
1585156354.9478,6677.5,1.7,Buy
1585156407.6854,6673.0,0.075,Buy
1585156496.8399,6668.0,0.002,Buy
1585156730.4464,6662.5,1.026,Buy
1585156730.6286,6662.5,1.026,Buy
1585156760.6937,6660.5,1.026,Sell
1585156760.7902,6660.5,1.026,Sell
1585157312.7311,6659.0,0.001,Sell
1585157640.8328,6650.0,0.009,Sell
1585157854.882,6653.5,1.026,Buy
1585158037.6636,6638.0,0.2,Buy
1585158066.4163,6635.5,0.075,Sell
1585158093.356,6636.0,0.109,Sell
1585158197.1328,6644.0,0.005,Buy
1585158200.5326,6645.0,0.007,Buy
1585158269.3612,6661.5,0.211,Buy
1585158462.7362,6664.0,0.211,Sell
1585159091.3328,6650.0,0.058,Sell
1585159293.7507,6633.0,0.931,Sell
1585159393.0915,6634.0,0.01,Sell
1585159462.3327,6620.0,0.01,Sell
1585159462.3372,6608.0,1.101,Sell
1585159816.4327,6601.0,0.028,Buy
1585159877.4127,6611.0,0.931,Buy
1585160369.6977,6618.5,0.017,Buy
1585160412.5094,6621.0,0.004,Buy
1585160756.5228,6611.0,0.001,Sell
1585160852.8327,6611.0,0.011,Sell
1585161039.3095,6613.0,0.001,Buy
1585161040.4362,6614.5,0.001,Buy
1585161160.6345,6611.0,0.25,Sell
1585161202.2868,6592.5,0.021,Sell
1585161202.394,6592.5,0.012,Sell
1585161202.394,6592.5,0.001,Sell
1585161338.5321,6595.0,0.015,Buy
1585161432.146,6596.0,1.314,Sell
1585161471.026,6599.0,1.314,Buy
1585161515.1782,6603.5,1.264,Sell
1585162010.0128,6622.0,0.25,Buy
1585162010.0128,6630.0,1.75,Buy
1585162141.3326,6628.0,2.0,Sell
1585162219.553,6637.5,1.264,Buy
1585162300.0225,6639.0,1.026,Buy
1585162375.4537,6640.5,1.7,Buy
1585162403.0431,6647.5,0.009,Sell
1585162410.9404,6649.5,0.008,Buy
1585162439.1373,6647.5,0.001,Buy
1585162472.2526,6645.0,1.026,Sell
1585162483.372,6646.0,0.008,Sell
1585162485.1661,6647.5,0.009,Buy
1585162777.3409,6652.5,1.0,Buy
1585162873.1865,6643.5,2.0,Buy
1585162886.4651,6640.5,3.7,Sell
1585163102.6809,6661.0,0.25,Buy
1585163116.7898,6671.5,0.223,Buy
1585163136.2962,6662.5,0.163,Sell
1585163136.2962,6663.0,0.837,Sell
1585163475.8348,6647.5,0.191,Sell
1585163476.0327,6647.5,0.659,Sell
1585163476.1327,6647.5,0.15,Sell
1585164271.7409,6645.5,1.0,Sell
1585164456.7239,6631.5,0.5,Sell
1585164856.3169,6632.0,0.606,Sell
1585165233.7334,6615.0,0.005,Sell
1585165444.0066,6597.5,0.015,Sell
1585165444.1492,6599.0,0.012,Sell
1585165561.1406,6612.0,0.005,Buy
1585165615.5809,6617.5,0.005,Sell
1585165685.0082,6621.5,0.013,Buy
1585165704.0048,6622.0,0.5,Buy
1585166578.3701,6595.0,2.311,Sell
1585166578.3701,6595.0,1.428,Sell
1585166578.3701,6595.0,1.261,Sell
1585166937.6398,6600.0,5.0,Buy
1585167023.4639,6596.0,0.039,Buy
1585167365.8355,6618.0,0.005,Buy
1585167370.6322,6618.0,0.03,Buy
1585167451.6328,6618.0,0.055,Buy
1585167657.4709,6624.0,0.03,Sell
1585167660.8403,6625.5,1.0,Buy
1585167775.8617,6616.5,0.039,Sell
1585168006.716,6614.5,0.056,Sell
1585168014.5796,6618.0,0.056,Buy
1585168264.31,6620.0,0.012,Buy
1585168356.1238,6620.0,0.012,Buy
1585168442.8352,6620.0,0.126,Buy
1585168442.9328,6620.0,0.41,Buy
1585168442.9328,6620.0,0.09,Buy
1585168472.1647,6629.0,0.09,Buy
1585168472.1647,6638.0,0.595,Buy
1585168587.2617,6628.5,0.075,Sell
1585168615.2646,6627.0,0.098,Buy
1585168615.7649,6625.5,0.024,Sell
1585168616.1647,6625.5,0.024,Sell
1585168907.736,6618.0,0.297,Buy
1585169062.3524,6619.5,1.0,Sell
1585169085.2879,6619.0,0.002,Buy
1585169180.0516,6609.5,0.068,Sell
1585169182.4591,6609.5,0.002,Sell
1585169182.8495,6608.5,0.002,Sell
1585169195.6315,6609.0,0.617,Sell
1585169254.2865,6603.0,0.098,Sell
1585169314.2455,6598.5,0.5,Buy
1585169377.3536,6608.5,0.092,Buy
1585169482.9328,6595.0,0.063,Sell
1585169494.8055,6584.5,0.297,Sell
1585169572.771,6586.5,0.092,Sell
1585169596.8287,6573.0,0.473,Sell
1585169599.5839,6574.0,2.328,Sell
1585169616.9703,6575.0,0.087,Sell
1585169652.8539,6581.5,0.015,Sell
1585169696.7242,6586.0,0.087,Buy
1585169889.8444,6584.0,0.07,Sell
1585169889.8444,6580.0,0.43,Sell
1585169902.0963,6580.5,0.328,Buy
1585169969.5367,6590.0,0.25,Buy
1585169971.5744,6590.0,0.25,Buy
1585170113.4281,6576.0,0.5,Buy
1585170166.8292,6568.5,0.019,Buy
1585170219.9373,6573.5,0.5,Buy
1585170355.7086,6562.5,0.01,Buy
1585170412.5538,6575.0,2.0,Sell
1585170482.6232,6582.0,0.013,Sell
1585170482.6232,6582.5,0.011,Sell
1585170534.284,6581.5,0.075,Buy
1585170577.5653,6579.5,0.1,Buy
1585170684.3085,6582.5,0.011,Sell
1585170726.442,6583.0,0.01,Sell
1585170790.7472,6594.5,1.995,Buy
1585170790.7472,6585.0,0.005,Buy
1585170905.2318,6602.0,0.01,Buy
1585170905.2368,6602.0,0.005,Buy
1585171013.015,6597.5,0.005,Buy
1585171194.6634,6596.0,0.1,Sell
1585171551.2896,6587.5,0.454,Sell
1585171551.2896,6589.5,0.056,Sell
1585171580.4489,6576.5,0.25,Sell
1585171689.1015,6576.5,0.082,Sell
1585171847.2355,6592.5,0.1,Buy
1585171880.3942,6594.0,0.5,Buy
1585171965.5054,6593.0,0.603,Sell
1585172248.7344,6584.5,0.603,Buy
1585173000.4792,6558.0,0.005,Sell
1585173000.4793,6558.0,0.577,Sell
1585173038.4094,6557.5,0.048,Sell
1585173094.6571,6556.0,0.039,Sell
1585173146.8328,6560.0,0.013,Buy
1585173190.1329,6562.0,0.044,Buy
1585173200.9327,6570.0,0.07,Buy
1585173442.8555,6590.5,0.096,Sell
1585173489.8928,6588.5,0.01,Buy
1585173492.6911,6588.0,0.096,Buy
1585173522.6933,6588.0,0.01,Sell
1585173605.8329,6588.5,0.025,Buy
1585173605.8329,6588.5,0.035,Buy
1585173608.8327,6594.0,0.056,Buy
1585173714.3446,6647.5,0.015,Buy
1585173714.4013,6647.5,2.0,Buy
1585173724.1222,6640.0,0.1,Buy
1585173740.0448,6644.5,0.023,Sell
1585173745.655,6644.5,0.023,Sell
1585173751.8187,6640.5,0.023,Sell
1585173755.506,6641.5,0.023,Sell
1585173759.9786,6643.5,0.023,Sell
1585173805.0354,6634.5,0.1,Sell
1585173849.3536,6632.5,0.01,Sell
1585173855.5328,6635.0,0.012,Buy
1585173883.8975,6643.5,0.1,Sell
1585173909.3147,6643.5,0.009,Sell
1585173942.7697,6640.5,1.0,Sell
1585173989.5329,6641.0,0.008,Buy
1585173992.4328,6642.0,0.009,Buy
1585173994.1331,6645.0,0.026,Buy
1585173999.5328,6650.0,0.028,Buy
1585174040.0343,6651.0,0.007,Buy
1585174046.498,6661.0,0.015,Sell
1585174046.5034,6665.5,0.25,Buy
1585174086.354,6653.0,0.221,Sell
1585174091.732,6652.0,0.035,Sell
1585174140.116,6656.0,0.035,Buy
1585174287.5328,6660.0,0.006,Buy
1585174289.9055,6665.0,0.035,Sell
1585174290.5327,6666.0,0.015,Buy
1585174290.5327,6666.0,0.006,Buy
1585174297.5549,6670.0,0.221,Buy
1585174297.5602,6670.0,0.011,Buy
1585174308.3251,6662.0,0.058,Sell
1585174318.3867,6665.0,0.035,Buy
1585174319.8605,6663.5,0.035,Buy
1585174431.6513,6645.0,0.035,Sell
1585174433.2986,6645.5,0.182,Sell
1585174569.3856,6664.0,0.182,Buy
1585174573.9827,6661.0,0.148,Buy
1585174628.9629,6661.5,0.035,Sell
1585174870.1263,6655.0,0.053,Sell
1585174970.8027,6642.0,0.035,Buy
1585175263.2319,6637.0,1.0,Buy
1585175263.237,6635.0,0.1,Sell
1585175344.098,6666.5,0.035,Sell
1585175403.772,6666.0,0.035,Buy
1585175443.7337,6670.0,0.058,Buy
1585175453.092,6686.5,0.032,Buy
1585175453.092,6680.0,0.003,Buy
1585175478.5269,6692.5,0.495,Buy
1585175481.4533,6688.0,0.11,Sell
1585175492.8269,6686.5,0.035,Sell
1585175515.3237,6682.0,0.191,Sell
1585175628.2482,6687.0,0.996,Sell
1585175784.5327,6679.5,0.001,Sell
1585175784.5869,6679.5,0.05,Sell
1585175793.6743,6674.0,0.001,Sell
1585175794.965,6674.0,0.001,Sell
1585175809.3543,6675.5,0.001,Sell
1585175810.2591,6675.0,0.001,Sell
1585175811.1416,6674.5,0.001,Sell
1585175813.1366,6680.5,0.001,Sell
1585175972.7003,6665.0,0.05,Sell
1585176227.9146,6680.0,0.05,Buy
1585176228.0948,6679.5,0.05,Sell
1585176330.5189,6671.0,0.05,Sell
1585176330.9627,6671.0,0.05,Sell
1585176518.7988,6655.0,0.1,Buy
1585176705.3458,6653.0,2.492,Sell
1585176705.3458,6654.0,0.05,Sell
1585176705.3458,6656.0,0.058,Sell
1585176947.8764,6677.0,0.025,Buy
1585177089.9579,6674.0,0.012,Sell
1585177135.2328,6680.0,0.739,Buy
1585177136.3787,6692.0,0.11,Buy
1585177187.3791,6681.0,0.148,Sell
1585177475.5071,6677.0,0.03,Sell
1585177521.5722,6674.5,0.012,Sell
1585177596.8786,6666.0,0.025,Sell
1585177598.9785,6669.0,0.789,Buy
1585177605.0916,6669.5,0.012,Buy
1585177762.6936,6669.5,0.5,Sell
1585178013.1728,6654.0,0.158,Sell
1585178217.9631,6661.5,0.29,Buy
1585178217.9631,6661.0,0.01,Buy
1585178500.7937,6670.0,0.5,Buy
1585178708.7327,6650.0,0.1,Sell
1585178919.1721,6651.5,0.001,Sell
1585179439.6328,6666.0,0.1,Buy
1585179460.6397,6672.0,0.001,Buy
1585179851.7835,6673.0,0.056,Buy
1585179852.262,6671.5,0.056,Buy
1585179859.3758,6671.0,0.01,Sell
1585180268.7285,6676.5,0.181,Buy
1585180268.7285,6676.5,0.082,Buy
1585180575.8594,6682.0,0.009,Sell
1585180700.02,6698.0,0.072,Buy
1585180700.0647,6698.5,0.042,Buy
