1585353617.6,6309.0,6.426,Sell
1585353617.6,6322.0,0.5,Sell
1585353617.6,6341.0,0.126,Sell
1585353617.6,6345.0,0.378,Sell
1585353617.6,6308.5,2.57,Sell
1585353657.3585,6298.5,0.574,Buy
1585353683.3602,6267.0,0.507,Buy
1585353694.4203,6222.0,0.005,Sell
1585353791.378,6251.5,0.183,Sell
1585353820.3798,6203.0,0.086,Buy
1585353907.3869,6233.5,0.612,Sell
1585353918.3887,6242.0,0.324,Sell
1585353951.402,6253.0,0.626,Buy
1585353964.4037,6243.5,1.32,Buy
1585354003.4109,6228.0,0.114,Sell
1585354010.4128,6232.0,3.799,Buy
1585354057.3497,6249.5,0.342,Sell
1585354078.3515,6257.5,0.581,Sell
1585354141.3588,6254.5,0.489,Buy
1585354167.3605,6252.0,0.22,Sell
1585354245.3736,6256.0,0.825,Sell
1585354274.3754,6259.5,0.223,Sell
1585354361.3859,6243.5,0.388,Sell
1585354387.3877,6230.0,0.344,Sell
1585354465.3956,6244.0,3.198,Sell
1585354482.3974,6259.0,2.27,Sell
1585354533.4093,6243.5,0.309,Sell
1585354541.4196,6241.5,1.24,Sell
1585354560.4214,6234.5,0.943,Buy
1585354617.4286,6259.5,0.846,Sell
1585354646.4303,6259.5,0.3,Sell
1585354733.4431,6259.5,0.164,Sell
1585354746.5822,6260.0,0.05,Buy
1585354759.2495,6260.0,0.2,Buy
1585354761.0617,6259.5,0.05,Sell
1585354787.686,6260.0,0.1,Buy
1585354797.4623,6259.5,0.756,Buy
1585354798.6573,6260.0,0.1,Buy
1585354826.9112,6259.5,2.0,Sell
1585354839.3514,6259.5,0.195,Sell
1585354843.3558,6259.5,0.019,Sell
1585354867.7155,6260.0,0.167,Buy
1585354899.3541,6259.5,0.084,Sell
1585354922.2242,6259.0,0.842,Sell
1585354952.7899,6259.5,0.01,Sell
1585354965.3515,6257.0,0.477,Buy
1585354973.3543,6254.5,0.013,Buy
1585354973.3594,6254.0,0.2,Sell
1585354996.6445,6253.5,0.175,Sell
1585355017.3497,6259.5,0.98,Buy
1585355095.356,6259.5,0.635,Sell
1585355098.5987,6260.0,2.0,Buy
1585355108.1992,6259.0,2.0,Sell
1585355121.3597,6259.5,0.946,Sell
1585355126.3614,6257.5,0.941,Sell
1585355128.0186,6257.5,2.0,Sell
1585355131.365,6259.5,0.136,Sell
1585355136.3667,6259.5,0.358,Sell
1585355165.3713,6259.5,0.534,Sell
1585355189.374,6256.0,1.157,Sell
1585355213.3757,6246.0,0.451,Sell
1585355213.3807,6245.5,0.167,Sell
1585355216.4915,6244.5,2.0,Sell
1585355236.5933,6235.5,0.1,Buy
1585355236.5985,6235.5,0.05,Buy
1585355237.382,6234.5,0.005,Sell
1585355237.382,6234.5,0.241,Sell
1585355237.5806,6223.5,0.635,Sell
1585355240.0878,6229.0,0.001,Buy
1585355246.3837,6234.5,0.287,Sell
1585355246.9435,6236.0,0.001,Sell
1585355247.8239,6239.5,0.01,Buy
1585355255.3864,6245.5,0.064,Buy
1585355273.3908,6234.5,0.245,Sell
1585355277.3926,6242.0,1.59,Sell
1585355281.3953,6241.0,0.376,Buy
1585355285.397,6239.0,0.487,Buy
1585355291.0911,6236.5,0.112,Buy
1585355317.3497,6237.0,0.952,Sell
1585355343.3514,6242.0,0.477,Sell
1585355365.4382,6233.0,0.05,Buy
1585355369.3541,6237.0,0.414,Sell
1585355372.2343,6234.5,0.01,Buy
1585355375.8181,6236.0,0.05,Sell
1585355395.3559,6234.5,0.884,Buy
1585355421.3637,6229.0,0.813,Buy
1585355436.3655,6224.5,0.149,Buy
1585355443.1058,6210.5,3.406,Sell
1585355443.1058,6210.0,0.25,Sell
1585355443.1058,6210.5,1.765,Sell
1585355443.1058,6211.5,7.415,Sell
1585355443.1058,6211.0,1.993,Sell
1585355443.1058,6211.0,5.171,Sell
1585355443.1112,6212.0,0.05,Buy
1585355451.3683,6208.5,0.367,Buy
1585355465.5506,6218.5,1.0,Sell
1585355466.3699,6218.5,0.418,Buy
1585355481.3725,6218.0,0.133,Buy
1585355485.3742,6216.0,0.042,Sell
1585355489.377,6215.0,0.684,Buy
1585355493.3787,6213.5,0.55,Sell
1585355497.3824,6214.0,0.499,Sell
1585355498.4479,6213.5,0.1,Sell
1585355499.3842,6214.5,0.395,Sell
1585355501.3871,6216.0,0.246,Buy
1585355503.3887,6218.5,0.914,Buy
1585355515.5513,6247.5,0.175,Buy
1585355516.6628,6242.0,0.207,Sell
1585355523.7381,6237.0,0.003,Sell
1585355537.8751,6238.0,0.01,Sell
1585355542.0047,6240.0,0.1,Sell
1585355542.0348,6241.5,0.023,Buy
1585355545.937,6236.5,0.01,Sell
1585355546.3634,6238.5,2.518,Buy
1585355550.4002,6240.5,1.861,Buy
1585355557.3497,6241.5,0.557,Sell
1585355579.3513,6248.0,0.137,Sell
1585355601.0907,6229.0,0.01,Sell
1585355601.3541,6231.0,0.272,Buy
1585355623.3558,6248.5,0.24,Buy
1585355631.4958,6243.5,0.01,Sell
1585355632.0195,6244.0,1.0,Sell
1585355645.3602,6238.5,0.279,Sell
1585355658.9353,6240.0,1.764,Sell
1585355663.3648,6239.5,0.731,Sell
1585355681.3697,6240.0,0.713,Sell
1585355687.8157,6240.5,0.034,Buy
1585355725.374,6240.0,0.382,Sell
1585355737.277,6240.0,1.018,Sell
1585355762.8514,6240.0,0.01,Sell
1585355765.7802,6240.0,0.005,Sell
1585355769.3829,6240.0,0.829,Sell
1585355772.4355,6239.5,0.03,Sell
1585355787.3872,6240.0,0.62,Sell
1585355797.4764,6240.0,0.24,Sell
1585355805.3926,6239.5,0.678,Sell
1585355821.6456,6240.5,1.12,Buy
1585355827.3969,6240.0,0.32,Sell
1585355905.3019,6240.5,0.17,Buy
1585355917.5103,6240.5,0.01,Buy
1585355949.8888,6240.0,0.005,Sell
1585355993.0846,6240.5,0.063,Buy
1585356086.307,6240.0,0.024,Sell
1585356147.6269,6240.5,0.068,Buy
1585356147.9687,6240.0,0.071,Sell
1585356147.9687,6240.0,0.51,Sell
1585356147.9687,6240.0,0.1,Sell
1585356189.9759,6240.0,0.058,Sell
1585356189.9759,6240.0,0.01,Sell
1585356198.3308,6240.0,0.5,Sell
1585356261.5763,6240.5,0.045,Buy
1585356326.1621,6240.5,0.351,Buy
1585356326.1621,6240.5,0.01,Buy
1585356326.1621,6240.5,0.12,Buy
1585356327.9282,6249.5,0.034,Sell
1585356337.3496,6249.5,0.85,Sell
1585356340.1465,6250.0,0.01,Buy
1585356343.5044,6261.0,4.0,Buy
1585356343.5098,6261.5,0.558,Buy
1585356343.5098,6261.0,0.246,Buy
1585356355.354,6260.5,0.618,Sell
1585356362.5117,6260.5,0.149,Sell
1585356374.5295,6269.0,0.03,Buy
1585356374.5348,6268.0,0.1,Sell
1585356377.5851,6266.5,0.2,Buy
1585356379.1429,6268.0,2.92,Buy
1585356379.1429,6268.0,5.08,Buy
1585356397.3496,6267.5,4.433,Buy
1585356406.6037,6267.5,4.9,Buy
1585356406.6037,6267.0,0.1,Buy
1585356407.4944,6268.0,0.1,Buy
1585356407.4944,6269.0,0.07,Buy
1585356407.4944,6269.0,0.03,Buy
1585356427.354,6268.5,4.894,Buy
1585356442.3558,6268.5,0.069,Buy
1585356452.7656,6273.0,1.911,Buy
1585356452.7656,6273.5,1.009,Buy
1585356452.7656,6269.0,0.07,Buy
1585356452.7656,6270.0,0.01,Buy
1585356457.3627,6271.5,1.564,Buy
1585356461.9751,6273.0,1.687,Buy
1585356461.9751,6273.0,6.335,Buy
1585356461.9751,6273.0,0.1,Buy
1585356461.9751,6273.5,0.986,Buy
1585356463.3645,6272.0,0.12,Sell
1585356467.1681,6272.5,0.01,Sell
1585356469.3673,6272.0,0.4,Sell
1585356474.2418,6274.5,0.01,Buy
1585356478.8873,6274.5,0.01,Buy
1585356509.496,6274.5,0.05,Buy
1585356512.0649,6288.0,0.01,Buy
1585356512.0649,6274.5,0.03,Buy
1585356518.8757,6288.0,0.09,Buy
1585356518.8757,6288.0,0.1,Buy
1585356518.8757,6290.0,0.012,Buy
1585356518.881,6290.0,0.288,Buy
1585356518.881,6294.0,0.065,Buy
1585356520.9616,6294.0,0.035,Buy
1585356520.9616,6300.0,0.01,Buy
1585356520.9616,6300.0,0.055,Buy
1585356520.9667,6300.0,0.149,Buy
1585356533.8681,6295.0,0.05,Sell
1585356544.7375,6300.0,0.05,Buy
1585356561.3542,6299.5,0.151,Sell
1585356566.1615,6300.0,0.046,Buy
1585356566.1615,6300.0,0.02,Buy
1585356566.1615,6300.0,0.01,Buy
1585356566.1615,6310.0,0.124,Buy
1585356576.6539,6306.0,0.2,Buy
1585356578.3273,6306.5,1.852,Sell
1585356583.3559,6303.5,0.333,Sell
1585356593.3915,6299.5,1.01,Sell
1585356593.3915,6299.5,0.201,Sell
1585356593.3915,6300.0,1.379,Sell
1585356593.3915,6300.5,1.906,Sell
1585356593.3915,6299.0,0.504,Sell
1585356593.4576,6301.0,0.01,Buy
1585356594.5628,6300.5,1.85,Sell
1585356605.3602,6300.5,0.428,Buy
1585356621.3618,6300.5,3.895,Sell
1585356621.3618,6300.5,0.337,Sell
1585356637.3647,6305.5,0.371,Sell
1585356653.3664,6307.5,0.827,Buy
1585356669.369,6307.0,0.511,Sell
1585356697.3707,6294.5,0.39,Sell
1585356706.2544,6296.5,3.396,Sell
1585356706.2544,6297.0,6.604,Sell
1585356725.3736,6294.5,0.101,Sell
1585356728.2404,6297.0,0.492,Sell
1585356753.3753,6296.5,0.755,Sell
1585356771.1865,6286.0,0.549,Buy
1585356774.2204,6284.5,5.0,Sell
1585356781.3779,6288.5,0.645,Sell
1585356805.3824,6281.5,0.528,Buy
1585356810.5635,6280.5,1.571,Sell
1585356814.1677,6279.5,0.03,Sell
1585356814.1729,6279.5,0.202,Sell
1585356817.3841,6280.5,3.188,Sell
1585356829.3879,6292.0,4.164,Buy
1585356848.3897,6296.0,0.099,Sell
1585356867.3925,6291.0,0.034,Sell
1585356886.3943,6287.5,0.928,Buy
1585356905.3968,6284.0,0.964,Buy
1585356911.4686,6296.5,0.2,Buy
1585356920.3985,6291.0,0.121,Buy
1585356935.4012,6286.5,3.857,Buy
1585356945.7904,6291.0,3.377,Buy
1585356950.4029,6288.0,0.897,Buy
1585356968.4149,6288.5,0.115,Sell
1585356971.4177,6288.0,0.573,Buy
1585356974.4195,6287.5,0.221,Sell
1585356982.5759,6294.5,0.15,Buy
1585356987.7097,6296.5,0.1,Buy
1585357004.3514,6291.5,0.149,Sell
1585357011.3543,6292.0,0.338,Buy
1585357018.356,6293.5,0.97,Sell
1585357085.3515,6292.5,0.525,Sell
1585357113.3544,6296.0,0.527,Buy
1585357169.3644,6297.0,0.464,Sell
1585357217.3691,6291.5,0.064,Buy
1585357221.9642,6287.0,0.01,Sell
1585357222.249,6287.5,0.01,Sell
1585357223.9838,6288.5,1.524,Sell
1585357241.3708,6279.5,0.78,Sell
1585357248.7063,6279.0,0.02,Sell
1585357259.256,6271.5,0.005,Sell
1585357265.3778,6267.0,0.05,Sell
1585357282.3796,6265.5,0.857,Sell
1585357299.3824,6274.0,0.262,Buy
1585357316.3841,6281.5,0.114,Sell
1585357333.3868,6278.0,0.094,Buy
1585357354.3886,6275.5,0.39,Sell
1585357375.3913,6279.0,0.534,Sell
1585357396.3931,6289.0,0.669,Sell
1585357417.4009,6287.0,0.592,Buy
1585357432.4028,6298.5,0.467,Sell
1585357435.2664,6294.0,0.01,Buy
1585357446.889,6295.5,0.01,Buy
1585357447.4057,6289.5,0.057,Sell
1585357462.4074,6289.5,0.289,Sell
1585357477.4101,6292.0,0.585,Sell
1585357489.4119,6287.5,0.22,Buy
1585357501.4147,6288.0,0.556,Buy
1585357513.4165,6290.5,0.608,Sell
1585357513.4165,6290.5,3.818,Sell
1585357524.2198,6294.0,0.01,Buy
1585357537.3496,6293.5,0.071,Sell
1585357573.4627,6289.0,0.187,Buy
1585357575.3539,6288.5,0.597,Buy
1585357594.3555,6280.5,0.279,Buy
1585357618.3641,6278.5,0.963,Sell
1585357623.3668,6278.5,0.351,Sell
1585357657.3497,6278.5,0.775,Buy
1585357694.703,6265.5,1.642,Sell
1585357694.703,6270.0,0.324,Sell
1585357694.703,6266.0,3.005,Sell
1585357694.703,6278.0,0.029,Sell
1585357699.3557,6265.0,1.829,Sell
1585357717.3496,6269.5,0.336,Sell
1585357773.354,6266.0,0.42,Sell
1585357790.8223,6252.0,0.013,Sell
1585357790.8347,6252.0,0.4,Sell
1585357800.5624,6256.0,0.02,Sell
1585357801.3557,6256.5,0.172,Buy
1585357829.3585,6252.5,2.813,Sell
1585357830.3602,6253.0,2.254,Sell
1585357831.363,6254.0,0.758,Buy
1585357832.3647,6255.0,0.643,Buy
1585357837.3496,6259.0,2.383,Buy
1585357845.3513,6261.5,0.336,Sell
1585357845.9752,6262.5,0.01,Buy
1585357853.3541,6256.0,0.709,Buy
1585357856.0667,6262.0,0.05,Buy
1585357897.3495,6254.0,0.826,Buy
1585357925.3514,6259.5,3.895,Sell
1585357953.3543,6263.5,0.202,Buy
1585357981.356,6268.5,0.72,Sell
1585358009.3595,6265.0,0.496,Sell
1585358036.3613,6264.5,0.866,Sell
1585358063.3642,6266.5,0.007,Buy
1585358117.3727,6264.0,0.079,Sell
1585358130.3746,6269.0,0.831,Buy
1585358143.3773,6271.5,0.559,Sell
1585358151.2572,6271.0,0.001,Sell
1585358156.3791,6272.5,0.138,Sell
1585358169.3827,6268.0,0.549,Sell
1585358192.3845,6271.0,2.715,Sell
1585358213.7184,6272.0,0.351,Buy
1585358215.3873,6272.0,3.333,Buy
1585358238.3891,6273.0,0.999,Sell
1585358261.3978,6267.0,0.911,Buy
1585358262.3996,6267.0,0.458,Sell
1585358263.4024,6267.5,4.891,Sell
1585358324.3514,6259.0,0.61,Sell
1585358331.8086,6263.0,0.05,Sell
1585358338.3559,6266.5,0.76,Sell
1585358377.3495,6263.0,0.961,Buy
1585358400.3512,6259.5,0.971,Buy
1585358419.5173,6259.5,0.279,Buy
1585358423.3541,6259.5,0.422,Buy
1585358451.7653,6259.5,0.021,Buy
1585358469.3585,6256.0,4.643,Sell
1585358493.3602,6258.0,0.546,Sell
1585358503.0177,6262.5,0.01,Sell
1585358517.3629,6262.0,0.736,Buy
1585358541.3647,6263.5,0.468,Sell
1585358565.3685,6258.0,0.854,Sell
1585358590.3702,6267.0,0.579,Buy
1585358615.3729,6272.0,0.052,Buy
1585358640.3746,6278.5,0.913,Sell
1585358665.3773,6278.0,0.806,Sell
1585358683.3791,6278.0,0.03,Buy
1585358704.4143,6274.5,0.001,Sell
1585358705.2414,6275.0,0.271,Buy
1585358719.3835,6277.5,1.493,Buy
1585358720.5819,6276.5,2.0,Sell
1585358731.2341,6277.5,0.017,Sell
1585358737.393,6277.0,4.253,Sell
1585358797.3496,6270.5,0.501,Sell
1585358798.0432,6271.5,0.001,Buy
1585358802.3514,6269.5,0.481,Buy
1585358812.356,6268.5,1.176,Sell
1585358854.8075,6272.5,0.05,Buy
1585358872.3514,6271.5,0.877,Sell
1585358887.3541,6271.0,0.636,Sell
1585358902.3559,6271.0,0.474,Buy
1585358917.3608,6273.0,4.343,Sell
1585358933.3684,6273.0,0.585,Sell
1585358960.3702,6273.5,0.882,Buy
1585358987.3728,6276.5,4.575,Sell
1585359042.0177,6265.5,0.472,Sell
1585359047.1066,6267.5,0.128,Buy
1585359048.3801,6266.5,1.592,Sell
1585359055.3864,6267.0,0.481,Buy
1585359057.3882,6268.0,0.022,Sell
1585359059.391,6268.5,4.131,Sell
1585359059.7184,6268.5,0.128,Sell
1585359059.8271,6268.5,0.091,Sell
1585359114.3514,6270.5,0.419,Buy
1585359131.3543,6273.0,0.531,Buy
1585359148.3559,6270.5,0.299,Buy
1585359165.3632,6272.5,0.23,Sell
1585359174.365,6271.5,4.275,Sell
1585359183.3678,6271.0,0.053,Sell
1585359192.3696,6271.5,0.563,Buy
1585359212.2067,6277.0,0.001,Buy
1585359212.2067,6278.0,0.399,Buy
1585359212.5582,6278.0,0.4,Buy
1585359215.5006,6279.0,0.113,Buy
1585359218.281,6276.0,0.1,Buy
1585359226.4523,6278.5,0.1,Buy
1585359235.6581,6277.5,0.3,Sell
1585359244.3514,6278.5,0.001,Sell
1585359271.3541,6274.5,0.215,Sell
1585359298.3558,6275.5,0.622,Sell
1585359317.325,6276.0,0.01,Sell
1585359325.3643,6277.5,4.539,Sell
1585359326.1118,6277.0,0.351,Sell
1585359326.3759,6277.0,0.316,Sell
1585359326.3759,6276.5,0.035,Sell
1585359341.369,6274.5,0.089,Sell
1585359348.1475,6278.0,0.351,Buy
1585359348.3937,6278.0,0.351,Buy
1585359349.3708,6277.5,0.426,Sell
1585359365.3793,6280.0,0.961,Sell
1585359379.3479,6279.0,0.25,Buy
1585359381.3839,6278.0,0.999,Sell
1585359393.4529,6272.5,0.001,Buy
1585359397.3497,6273.5,0.69,Sell
1585359424.3514,6273.0,0.662,Sell
1585359451.3543,6272.0,0.899,Buy
1585359480.7562,6270.0,0.358,Sell
1585359480.7562,6266.5,0.112,Sell
1585359502.4011,6267.5,0.47,Sell
1585359505.364,6268.5,0.24,Sell
1585359516.3657,6267.5,0.04,Sell
1585359521.3343,6267.5,0.045,Sell
1585359527.3688,6275.0,0.555,Sell
1585359538.3706,6276.0,0.334,Buy
1585359543.8371,6273.0,0.09,Sell
1585359549.3733,6277.0,0.496,Buy
1585359564.3795,6277.0,0.645,Buy
1585359577.3496,6277.5,0.504,Sell
1585359595.3513,6279.5,4.107,Buy
1585359613.354,6279.5,0.975,Sell
1585359631.3557,6286.0,0.262,Sell
1585359649.3594,6283.0,0.8,Buy
1585359676.3612,6281.5,0.741,Sell
1585359684.608,6280.5,0.2,Sell
1585359703.3642,6282.5,0.461,Sell
1585359727.2823,6283.5,1.0,Sell
1585359730.3659,6284.5,0.568,Buy
1585359757.3687,6284.0,0.457,Sell
1585359766.3705,6283.5,0.934,Buy
1585359782.7505,6283.0,0.668,Sell
1585359905.354,6283.5,0.57,Sell
1585359918.6002,6283.0,0.001,Sell
1585360044.824,6283.0,0.331,Sell
1585360044.824,6270.0,0.069,Sell
1585360045.2352,6270.0,0.4,Sell
1585360057.3496,6272.5,0.962,Buy
1585360072.3514,6269.5,0.991,Buy
1585360087.3541,6269.5,0.241,Buy
1585360117.3629,6272.0,0.761,Sell
1585360140.3648,6270.5,0.482,Sell
1585360163.3677,6270.5,0.013,Buy
1585360186.3694,6270.5,0.491,Sell
1585360209.3729,6269.5,0.294,Buy
1585360346.3832,6269.5,0.593,Buy
1585360428.67,6272.5,0.003,Buy
1585360433.3958,6269.5,0.821,Sell
1585360447.3975,6269.5,0.046,Sell
1585360475.4019,6268.5,0.053,Sell
1585360475.4019,6268.5,2.583,Sell
1585360491.4159,6266.5,0.558,Sell
1585360492.4176,6266.5,0.462,Sell
1585360492.4486,6266.5,0.238,Sell
1585360493.1485,6266.5,0.222,Sell
1585360493.1485,6266.5,0.016,Sell
1585360493.2486,6266.5,0.238,Sell
1585360493.3485,6266.5,0.238,Sell
1585360537.3496,6261.5,0.427,Sell
1585360548.3514,6261.5,0.75,Sell
1585360559.3542,6266.5,2.444,Sell
1585360570.3559,6266.5,0.907,Sell
1585360597.3496,6265.5,0.232,Sell
1585360618.0058,6265.0,0.001,Sell
1585360621.3515,6266.5,0.419,Buy
1585360632.8723,6266.0,0.03,Sell
1585360645.3544,6266.5,0.502,Sell
1585360711.3675,6269.0,0.296,Buy
1585360720.3692,6268.5,0.363,Sell
1585360729.3729,6269.0,0.385,Sell
1585360737.3747,6271.5,0.278,Buy
1585360745.3774,6272.0,4.063,Sell
1585360778.3349,6268.5,0.095,Buy
1585360791.7141,6269.0,0.003,Sell
1585360792.3561,6268.0,0.909,Buy
1585360837.3497,6273.5,0.657,Sell
1585360859.3514,6272.0,0.802,Buy
1585360881.3542,6270.0,0.661,Sell
1585360921.4873,6265.5,0.4,Buy
1585360961.9467,6266.0,0.003,Buy
1585360976.366,6265.5,0.623,Sell
1585360979.5857,6265.0,0.036,Sell
1585360979.5857,6260.0,0.07,Sell
1585360979.5857,6263.0,0.007,Sell
1585360986.0221,6260.0,0.168,Sell
1585360986.0221,6240.0,0.082,Sell
1585360986.0275,6240.0,0.15,Sell
1585360986.0489,6241.5,0.05,Buy
1585360986.2277,6240.0,0.3,Sell
1585360993.3688,6252.5,0.324,Sell
1585361001.3705,6244.5,0.255,Sell
1585361017.3751,6244.0,0.336,Sell
1585361025.3832,6247.5,0.276,Sell
1585361050.6298,6246.0,0.1,Sell
1585361050.6298,6246.0,0.171,Sell
1585361081.5917,6246.0,0.3,Sell
1585361119.3943,6246.5,0.743,Buy
1585361125.085,6248.0,2.0,Buy
1585361191.6846,6246.0,0.001,Sell
1585361208.3004,6246.0,0.351,Sell
1585361221.3623,6246.0,2.518,Sell
1585361245.4123,6246.5,0.343,Buy
1585361281.0706,6240.5,2.063,Buy
1585361286.0467,6240.5,0.001,Buy
1585361293.6684,6240.0,0.05,Sell
1585361336.5823,6240.5,0.3,Sell
1585361349.4298,6243.0,0.147,Sell
1585361365.5677,6241.5,1.571,Buy
1585361377.4315,6242.0,0.063,Buy
1585361405.4401,6240.5,0.231,Sell
1585361425.7369,6244.0,1.28,Sell
1585361431.8497,6242.5,0.141,Sell
1585361432.4418,6243.0,1.345,Buy
1585361433.7554,6245.0,2.442,Buy
1585361459.4446,6243.5,0.448,Sell
1585361464.7034,6240.5,0.142,Buy
1585361513.449,6241.5,0.423,Buy
1585361535.4535,6258.5,1.951,Sell
1585361546.4552,6255.0,0.301,Buy
1585361554.3506,6259.0,0.142,Sell
1585361557.4578,6260.0,0.445,Buy
1585361569.4623,6263.0,0.671,Buy
1585361575.4641,6268.0,0.85,Sell
1585361617.3497,6261.5,0.372,Buy
1585361622.3515,6266.5,0.172,Buy
1585361627.3543,6264.0,0.422,Sell
1585361632.3561,6265.0,0.993,Buy
1585361652.2494,6267.0,0.752,Buy
1585361672.8782,6261.0,0.522,Sell
1585361677.3496,6262.0,3.52,Sell
1585361693.3513,6266.0,0.914,Sell
1585361706.9151,6266.0,0.238,Sell
1585361708.3805,6266.0,0.752,Sell
1585361721.9774,6267.0,0.08,Buy
1585361721.9774,6271.0,0.442,Buy
1585361725.3559,6270.5,0.273,Sell
1585361741.3598,6268.0,1.281,Sell
1585361755.3672,6269.5,0.259,Sell
1585361764.8439,6271.0,0.004,Buy
1585361773.3961,6270.5,0.151,Buy
1585361782.3689,6269.5,0.451,Sell
1585361812.5149,6266.0,0.05,Sell
1585361821.9612,6266.5,0.003,Buy
1585361893.2818,6266.0,1.46,Sell
1585361893.2818,6263.5,0.982,Sell
1585361896.3863,6263.5,0.92,Sell
1585361917.3496,6261.5,0.791,Sell
1585361934.3513,6261.0,0.24,Sell
1585361951.354,6260.5,0.755,Sell
1585361968.3557,6263.5,0.233,Sell
1585361985.3596,6265.0,2.019,Sell
1585362005.1394,6269.0,0.007,Buy
1585362009.3613,6269.0,0.704,Sell
1585362033.3672,6266.5,0.596,Sell
1585362033.8622,6267.5,0.521,Buy
1585362037.3717,6266.5,0.172,Sell
1585362039.3734,6266.5,0.639,Sell
1585362039.3734,6266.5,0.172,Sell
1585362041.376,6266.5,0.153,Buy
1585362055.3777,6266.5,0.146,Sell
1585362069.3805,6268.5,0.125,Sell
1585362083.3822,6263.5,0.831,Sell
1585362097.3848,6264.0,0.059,Buy
1585362105.7486,6267.0,0.186,Sell
1585362114.3866,6262.5,0.758,Sell
1585362131.3894,6258.0,0.642,Buy
1585362148.3912,6260.5,0.744,Sell
1585362194.0164,6266.0,0.053,Sell
1585362221.4027,6269.5,0.697,Sell
1585362232.1559,6270.0,0.15,Buy
1585362232.1559,6270.0,0.15,Buy
1585362249.4044,6269.5,0.636,Sell
1585362282.4088,6272.0,0.981,Buy
1585362287.4115,6272.5,2.559,Sell
1585362292.4133,6270.0,0.946,Buy
1585362337.3497,6269.5,4.907,Sell
1585362344.3513,6269.5,0.564,Buy
1585362397.3496,6269.0,0.623,Sell
1585362417.3542,6268.5,0.732,Sell
1585362457.3496,6269.5,0.54,Buy
1585362464.3513,6269.0,0.409,Buy
1585362471.3542,6268.0,0.299,Sell
1585362478.356,6267.5,0.664,Sell
1585362505.4221,6270.0,0.8,Sell
1585362517.3496,6270.5,0.284,Sell
1585362571.3542,6272.0,0.54,Buy
1585362577.1141,6275.0,0.01,Buy
1585362577.1141,6277.0,0.39,Buy
1585362577.4779,6277.5,0.4,Buy
1585362598.3559,6275.5,0.936,Sell
1585362601.7439,6275.0,0.2,Sell
1585362644.3594,6270.5,0.05,Buy
1585362646.3648,6269.5,0.89,Buy
1585362667.3675,6267.5,0.266,Buy
1585362688.3692,6268.5,0.614,Sell
1585362709.3763,6264.0,0.878,Sell
1585362712.378,6265.5,0.907,Sell
1585362715.3809,6266.0,0.805,Sell
1585362718.3826,6265.5,0.96,Sell
1585362757.3496,6263.0,0.436,Sell
1585362766.3512,6263.0,0.821,Sell
1585362773.1357,6263.0,0.007,Sell
1585362775.3539,6263.0,0.05,Sell
1585362784.3556,6263.5,0.695,Sell
1585362832.6485,6262.0,0.001,Sell
1585362834.74,6257.5,0.2,Sell
1585362834.74,6261.0,0.2,Sell
1585362835.1188,6257.5,0.4,Sell
1585362845.3513,6257.0,0.728,Sell
1585362873.3542,6257.5,0.681,Sell
1585362901.356,6255.0,0.179,Buy
1585362901.3611,6254.0,0.3,Sell
1585362904.8879,6255.5,0.1,Sell
1585362929.3638,6257.5,0.415,Sell
1585362939.3656,6257.5,0.071,Sell
1585362949.3683,6257.5,0.873,Sell
1585362959.37,6257.5,0.172,Buy
1585362963.3486,6258.0,0.007,Buy
1585362963.3486,6258.0,0.001,Buy
1585362969.3769,6262.5,0.346,Sell
1585362992.3786,6261.5,0.9,Buy
1585363015.3814,6255.5,0.879,Sell
1585363038.3831,6252.0,0.468,Buy
1585363061.3858,6251.5,0.592,Sell
1585363092.7485,6251.5,0.073,Sell
1585363096.6403,6248.0,0.01,Sell
1585363096.6403,6248.0,0.133,Sell
1585363117.3497,6251.0,0.897,Sell
1585363121.3346,6249.5,0.522,Sell
1585363121.3514,6250.0,4.585,Sell
1585363125.3541,6250.5,0.147,Sell
1585363143.7878,6256.5,0.001,Buy
1585363148.4379,6256.5,0.522,Buy
1585363177.3497,6259.0,0.417,Sell
1585363187.3515,6258.5,0.304,Sell
1585363197.3543,6261.5,0.907,Sell
1585363199.4122,6262.5,0.001,Sell
1585363214.0291,6255.5,0.143,Sell
1585363215.9966,6256.5,0.001,Sell
1585363217.3602,6258.0,0.881,Sell
1585363236.3618,6260.0,0.423,Sell
1585363255.3669,6258.5,0.043,Buy
1585363284.3312,6258.5,0.735,Buy
1585363345.1486,6258.0,0.001,Sell
1585363348.3822,6255.0,0.477,Sell
1585363373.3848,6255.5,0.749,Sell
1585363397.5532,6256.0,0.05,Buy
1585363398.3865,6254.0,0.112,Sell
1585363423.3938,6255.5,0.409,Sell
1585363434.3955,6255.0,0.474,Sell
1585363435.7863,6255.0,0.004,Sell
1585363477.3496,6253.0,0.199,Sell
1585363483.3513,6253.5,0.769,Sell
1585363489.354,6254.0,0.33,Sell
1585363537.3495,6255.0,0.211,Sell
1585363543.668,6256.0,0.1,Buy
1585363573.3543,6255.5,0.171,Sell
1585363584.4486,6255.0,0.204,Sell
1585363584.5486,6255.0,0.564,Sell
1585363584.6485,6255.0,0.416,Sell
1585363584.7485,6255.0,0.935,Sell
1585363611.4308,6255.0,0.05,Sell
1585363657.3196,6255.0,0.1,Sell
1585363661.3683,6255.5,0.348,Sell
1585363665.2578,6255.0,0.05,Sell
1585363706.687,6255.5,0.1,Buy
1585363706.687,6256.0,0.186,Buy
1585363733.4839,6255.5,0.001,Buy
1585363763.1258,6255.5,0.014,Buy
1585363774.3557,6255.5,0.731,Buy
1585363870.8941,6255.5,0.351,Buy
1585363934.3722,6255.0,1.958,Sell
1585363934.3722,6255.0,0.985,Sell
1585363935.5676,6256.0,0.814,Buy
1585363935.5676,6256.0,2.129,Buy
1585363951.3781,6254.0,0.67,Sell
1585363980.3798,6254.0,0.762,Sell
1585364008.2002,6253.5,0.563,Sell
1585364009.3869,6254.0,0.514,Buy
1585364009.7692,6255.0,0.563,Buy
1585364016.3887,6254.5,1.34,Buy
1585364023.3915,6255.0,0.001,Sell
1585364037.3989,6255.0,0.756,Sell
1585364060.7506,6255.0,0.04,Sell
1585364064.4006,6256.0,0.078,Buy
1585364090.0633,6255.5,0.05,Sell
1585364091.0633,6257.0,0.05,Buy
1585364091.4056,6256.0,0.845,Buy
1585364098.2479,6256.0,0.005,Buy
1585364101.166,6254.0,0.005,Sell
1585364103.4074,6254.5,0.849,Sell
1585364115.4161,6255.5,0.7,Buy
1585364139.4205,6247.5,0.786,Sell
1585364157.4221,6242.0,0.049,Sell
1585364175.4249,6244.5,0.396,Sell
1585364193.1065,6248.0,0.005,Buy
1585364193.4267,6247.5,0.71,Buy
1585364211.4317,6247.0,0.235,Buy
1585364211.8047,6246.5,5.006,Sell
1585364211.8047,6246.0,2.165,Sell
1585364211.8047,6246.0,1.317,Sell
1585364211.8047,6246.0,4.391,Sell
1585364211.8047,6246.5,2.63,Sell
1585364221.106,6247.0,0.111,Sell
1585364231.4335,6246.0,0.995,Sell
1585364271.4381,6247.5,0.543,Buy
1585364291.4461,6247.5,0.072,Buy
1585364308.4479,6249.5,0.551,Buy
1585364325.4506,6247.0,0.115,Sell
1585364342.4523,6249.0,0.123,Buy
1585364359.4551,6251.5,0.562,Sell
1585364375.4569,6250.0,0.691,Sell
1585364391.4597,6249.5,0.172,Sell
1585364423.4687,6253.5,0.435,Buy
1585364451.4704,6254.5,0.161,Sell
1585364479.4731,6248.0,0.35,Sell
1585364491.3894,6249.5,0.01,Buy
1585364535.4777,6246.5,0.107,Sell
1585364535.4777,6246.5,4.313,Sell
1585364546.4795,6242.0,0.318,Sell
1585364557.4823,6245.5,0.542,Sell
1585364589.494,6242.0,0.802,Sell
1585364678.1036,6240.5,0.01,Buy
1585364695.4931,6240.5,0.14,Buy
1585364743.0709,6240.0,0.56,Sell
1585364787.9154,6241.5,0.005,Buy
1585364797.3496,6240.5,0.644,Sell
1585364832.9324,6240.5,0.506,Buy
1585364840.8723,6240.0,0.064,Sell
1585364840.8723,6240.0,0.01,Sell
1585364840.8723,6236.0,0.05,Sell
1585364840.8723,6236.0,0.382,Sell
1585364840.8776,6236.0,0.05,Sell
1585364840.9457,6235.0,0.1,Sell
1585364851.3541,6235.5,0.526,Sell
1585364852.6947,6235.0,0.011,Sell
1585364852.6947,6234.5,0.072,Sell
1585364852.6947,6230.5,0.423,Sell
1585364897.0462,6230.0,0.01,Sell
1585364897.0462,6228.0,0.396,Sell
1585364897.0462,6230.0,0.1,Sell
1585364901.9315,6227.0,0.111,Sell
1585364905.3638,6228.5,0.958,Buy
1585364939.3685,6238.0,0.232,Sell
1585364956.3701,6238.5,0.321,Buy
1585364970.9715,6238.0,0.1,Buy
1585364973.3729,6238.5,0.901,Sell
1585364985.3745,6240.0,0.963,Sell
1585364997.3773,6241.0,0.24,Buy
1585364999.3294,6238.5,0.14,Sell
1585365009.379,6241.5,0.78,Sell
1585365021.3816,6243.5,0.272,Buy
1585365034.3834,6242.5,4.029,Sell
1585365042.5878,6242.0,0.034,Buy
1585365047.3868,6242.5,4.47,Buy
1585365060.3885,6243.5,0.414,Sell
1585365073.3914,6244.5,0.455,Buy
1585365074.3934,6244.5,0.116,Buy
1585365075.3961,6244.5,2.447,Sell
1585365097.3496,6244.5,0.206,Sell
1585365125.3513,6242.5,0.664,Sell
1585365153.3541,6241.0,0.315,Sell
1585365181.3558,6237.0,0.874,Buy
1585365228.3625,6241.0,0.169,Buy
1585365247.3675,6241.0,0.439,Sell
1585365259.3693,6238.5,0.011,Sell
1585365271.3722,6237.5,0.326,Sell
1585365295.3815,6235.0,1.88,Buy
1585365315.356,6231.0,0.243,Sell
1585365315.356,6231.0,0.257,Sell
1585365316.3832,6232.0,0.457,Sell
1585365337.3861,6227.0,0.062,Sell
1585365343.8992,6222.5,1.0,Sell
1585365345.7438,6211.0,0.005,Sell
1585365348.3936,6204.0,0.034,Sell
1585365348.4802,6204.0,0.358,Sell
1585365350.0238,6203.0,0.001,Sell
1585365353.9284,6203.0,0.4,Sell
1585365353.934,6203.0,0.017,Sell
1585365354.6138,6203.0,0.091,Sell
1585365357.8406,6203.0,0.63,Sell
1585365358.3878,6203.5,0.533,Buy
1585365379.3961,6203.5,3.593,Buy
1585365386.821,6203.5,0.049,Buy
1585365421.4019,6217.5,0.36,Sell
1585365421.8521,6218.5,0.4,Buy
1585365422.0913,6217.5,0.4,Buy
1585365422.8441,6216.5,0.63,Buy
1585365430.7524,6218.0,0.5,Buy
1585365435.4047,6208.0,0.839,Sell
1585365445.4065,6209.5,2.094,Sell
1585365448.7504,6209.0,0.024,Buy
1585365455.4127,6209.5,0.222,Buy
1585365457.4275,6212.5,0.001,Buy
1585365457.5605,6210.5,0.141,Sell
1585365461.9103,6213.0,0.03,Buy
1585365465.4144,6211.5,1.778,Buy
1585365468.4079,6209.0,0.582,Sell
1585365469.7784,6209.0,0.498,Sell
1585365473.6391,6204.0,0.001,Sell
1585365473.906,6203.0,0.001,Sell
1585365477.3958,6203.0,0.4,Sell
1585365477.8569,6200.0,0.27,Sell
1585365477.8569,6203.0,0.13,Sell
1585365477.862,6200.0,0.01,Sell
1585365477.862,6200.0,2.61,Sell
1585365477.862,6196.5,1.657,Sell
1585365477.8621,6196.5,0.1,Sell
1585365477.8673,6196.5,0.1,Sell
1585365487.7802,6195.5,0.002,Sell
1585365504.4189,6196.0,0.352,Buy
1585365517.4999,6191.0,0.2,Buy
1585365517.505,6191.0,0.005,Buy
1585365519.4936,6191.0,0.01,Buy
1585365520.0126,6190.0,0.01,Sell
1585365520.0126,6187.0,0.49,Sell
1585365520.0179,6191.0,0.175,Buy
1585365530.2354,6201.5,0.735,Sell
1585365533.4218,6201.0,0.826,Sell
1585365534.6887,6204.5,0.5,Sell
1585365540.8459,6203.5,0.08,Sell
1585365543.9209,6203.5,2.0,Buy
1585365547.423,6206.0,0.001,Buy
1585365558.9623,6204.0,0.005,Sell
1585365562.4235,6192.5,0.369,Sell
1585365569.234,6197.0,0.3,Buy
1585365590.1487,6200.0,0.112,Buy
1585365590.2511,6200.0,0.308,Buy
1585365590.3501,6200.0,0.012,Buy
1585365591.4317,6205.5,0.009,Buy
1585365604.4333,6195.0,0.91,Sell
1585365613.0174,6192.0,2.146,Buy
1585365613.0174,6192.5,0.329,Buy
1585365617.4362,6188.0,0.64,Buy
1585365619.0379,6187.5,0.053,Buy
1585365630.4381,6187.5,0.869,Sell
1585365652.5277,6187.0,0.49,Sell
1585365653.3594,6187.0,0.2,Sell
1585365669.5253,6187.0,0.057,Sell
1585365670.5282,6187.0,0.06,Sell
1585365678.927,6187.0,0.703,Sell
1585365731.5087,6180.0,0.01,Sell
1585365731.514,6180.5,0.005,Buy
1585365757.3496,6167.5,0.221,Buy
1585365757.3546,6166.0,0.31,Sell
1585365757.3546,6166.0,0.01,Sell
1585365758.1594,6166.5,0.041,Sell
1585365770.0544,6172.5,0.351,Sell
1585365774.6612,6176.0,0.25,Buy
1585365777.3514,6175.0,0.754,Buy
1585365779.6048,6176.0,0.582,Buy
1585365797.3541,6169.0,0.413,Sell
1585365799.1734,6166.0,0.044,Sell
1585365799.1734,6165.0,0.112,Sell
1585365803.1072,6169.5,0.75,Buy
1585365809.8509,6167.5,0.112,Sell
1585365818.8527,6170.5,0.004,Buy
1585365829.7821,6171.0,0.04,Buy
1585365839.3631,6170.5,0.439,Sell
1585365840.3648,6170.5,0.43,Sell
1585365842.9915,6170.5,0.032,Sell
1585365854.3248,6174.0,0.064,Buy
1585365867.7882,6172.0,0.01,Buy
1585365877.3495,6175.0,2.3,Sell
1585365886.9484,6176.0,0.307,Buy
1585365891.9486,6176.0,0.513,Buy
1585365892.0486,6176.0,0.348,Buy
1585365893.7442,6182.0,0.14,Buy
1585365901.3486,6188.0,0.241,Buy
1585365901.4485,6188.0,0.019,Buy
1585365901.4485,6188.0,0.15,Buy
1585365901.5485,6189.0,0.921,Buy
1585365901.6484,6189.0,0.174,Buy
1585365902.0486,6189.0,0.562,Buy
1585365902.1486,6189.0,0.343,Buy
1585365902.3512,6194.5,0.597,Buy
1585365906.5882,6191.0,0.22,Buy
1585365927.3539,6182.5,0.563,Buy
1585365932.8191,6182.5,0.14,Sell
1585365933.1212,6182.5,0.005,Sell
1585365952.3557,6181.5,0.87,Sell
1585365977.3637,6178.0,0.632,Sell
1585365999.3654,6178.0,0.631,Sell
1585366004.3341,6178.5,0.492,Buy
1585366018.4774,6178.5,0.461,Buy
1585366021.3682,6177.5,4.785,Sell
1585366023.5384,6177.5,1.392,Sell
1585366043.3699,6183.5,0.658,Buy
1585366065.3767,6190.5,0.525,Buy
1585366068.3785,6189.0,0.231,Sell
1585366071.3813,6186.5,0.192,Sell
1585366074.383,6182.5,0.18,Buy
1585366117.3496,6180.0,0.09,Sell
1585366120.3513,6179.5,2.768,Buy
1585366123.3542,6178.5,0.249,Sell
1585366125.0539,6179.0,0.121,Sell
1585366175.7034,6177.0,0.189,Sell
1585366175.7034,6170.5,0.811,Sell
1585366177.3604,6170.5,0.288,Sell
1585366177.3604,6170.5,1.823,Sell
1585366185.3622,6174.0,0.24,Buy
1585366193.3649,6180.5,0.264,Sell
1585366194.7186,6177.5,0.186,Sell
1585366201.3665,6174.0,0.57,Buy
1585366218.6042,6176.5,0.75,Sell
1585366237.3496,6176.5,0.799,Sell
1585366243.4486,6177.0,2.085,Buy
1585366243.5485,6177.0,0.86,Buy
1585366243.6484,6177.0,0.055,Buy
1585366251.985,6181.5,0.901,Sell
1585366256.3514,6183.5,0.722,Sell
1585366275.3541,6182.5,0.167,Buy
1585366287.9686,6182.0,0.005,Buy
1585366313.3642,6179.0,0.468,Sell
1585366315.0371,6181.0,3.0,Buy
1585366332.9793,6181.5,0.329,Buy
1585366337.366,6182.0,2.553,Sell
1585366343.0617,6182.0,0.13,Buy
1585366361.3687,6181.5,0.824,Buy
1585366384.9069,6179.0,1.26,Buy
1585366385.3705,6178.5,0.003,Buy
1585366389.1538,6178.5,0.5,Sell
1585366406.4926,6170.0,0.01,Buy
1585366408.8226,6168.0,0.631,Sell
1585366409.3732,6169.0,0.789,Sell
1585366432.3633,6160.0,0.2,Sell
1585366432.3685,6160.0,3.0,Sell
1585366432.3686,6161.0,0.005,Buy
1585366432.3749,6160.5,0.035,Buy
1585366455.3777,6153.0,0.481,Sell
1585366457.3907,6150.0,0.015,Sell
1585366457.3958,6150.0,0.053,Sell
1585366457.5856,6151.0,1.392,Buy
1585366466.4372,6150.0,0.01,Sell
1585366478.3794,6150.5,0.013,Sell
1585366479.4207,6150.5,0.5,Buy
1585366489.9966,6150.5,2.0,Buy
1585366496.4895,6148.0,0.191,Sell
1585366496.4895,6120.0,9.182,Sell
1585366496.4895,6150.0,0.922,Sell
1585366496.4948,6120.0,0.25,Sell
1585366498.7881,6121.5,0.084,Sell
1585366501.3876,6135.5,0.152,Buy
1585366506.0085,6142.5,0.005,Buy
1585366506.4906,6140.0,0.005,Sell
1585366515.3895,6147.5,0.513,Sell
1585366516.28,6148.5,3.091,Buy
1585366516.28,6148.0,7.204,Buy
1585366516.6076,6147.0,0.459,Sell
1585366529.3923,6139.5,0.183,Sell
1585366529.622,6141.0,0.1,Buy
1585366543.3939,6144.5,0.535,Sell
1585366546.551,6151.0,2.838,Buy
1585366550.7343,6150.5,1.646,Buy
1585366557.4012,6150.0,0.403,Sell
1585366559.4029,6150.5,0.036,Buy
1585366561.7904,6151.5,1.0,Buy
1585366563.4076,6152.5,0.288,Buy
1585366576.4524,6151.0,0.001,Buy
1585366616.3531,6150.0,0.02,Sell
1585366616.3531,6120.0,0.155,Sell
1585366616.3534,6151.0,0.005,Buy
1585366624.9114,6134.0,0.054,Buy
1585366635.8365,6120.0,0.156,Sell
1585366673.8553,6120.0,0.257,Sell
1585366673.8553,6120.0,0.488,Sell
1585366673.8553,6115.0,0.255,Sell
1585366682.8719,6115.0,2.0,Sell
1585366683.1019,6115.0,2.0,Sell
1585366699.314,6115.0,0.005,Sell
1585366716.821,6115.5,0.488,Buy
1585366724.3267,6115.5,0.015,Buy
1585366768.6366,6115.0,0.033,Sell
1585366772.6303,6115.0,0.01,Sell
1585366804.8953,6115.5,0.1,Buy
1585366809.4612,6115.5,0.112,Buy
1585366810.9699,6116.0,0.176,Buy
1585366819.1478,6115.5,0.055,Buy
1585366822.3746,6115.0,0.02,Sell
1585366822.6539,6115.0,0.02,Sell
1585366837.1095,6115.0,1.0,Sell
1585366840.6184,6115.5,0.05,Buy
1585366847.0872,6115.5,0.049,Buy
1585366850.421,6115.5,0.03,Buy
1585366854.6772,6115.5,1.084,Buy
1585366869.5757,6116.0,0.5,Buy
1585366876.7274,6115.5,0.1,Buy
1585366884.6461,6116.0,1.5,Buy
1585366898.9162,6112.5,0.01,Buy
1585366911.0695,6112.5,0.5,Buy
1585366916.9402,6117.0,0.5,Buy
1585366917.3453,6115.5,0.4,Buy
1585366917.8485,6116.5,0.052,Buy
1585366932.0146,6112.5,0.46,Buy
1585366933.8202,6112.5,2.0,Buy
1585366937.9951,6112.5,1.5,Buy
1585366942.3556,6112.5,0.539,Sell
1585366959.6411,6112.5,1.0,Buy
1585366967.8195,6100.0,0.207,Sell
1585366967.8195,6110.0,0.005,Sell
1585366967.8195,6090.0,0.005,Sell
1585366967.8195,6084.5,0.693,Sell
1585366967.8195,6100.0,0.06,Sell
1585366967.8195,6100.0,0.028,Sell
1585366967.8195,6112.0,0.002,Sell
1585366967.8252,6084.5,0.1,Sell
1585366967.8253,6084.5,0.11,Sell
1585366967.8254,6112.5,0.1,Buy
1585366967.8317,6112.5,0.156,Buy
1585366973.0887,6090.0,0.097,Buy
1585366973.0887,6089.5,4.56,Buy
1585366973.959,6090.0,0.953,Buy
1585366973.959,6089.5,3.573,Buy
1585366973.959,6089.0,5.474,Buy
1585366977.867,6089.5,0.4,Sell
1585366978.3645,6092.0,0.846,Sell
1585366979.6124,6095.5,4.107,Buy
1585366979.6124,6096.0,0.244,Buy
1585366979.6124,6095.5,5.649,Buy
1585366987.9481,6094.0,5.758,Buy
1585366987.9481,6093.5,2.136,Buy
1585366987.9481,6094.0,2.106,Buy
1585366997.118,6097.0,0.5,Buy
1585366999.3683,6096.5,0.847,Sell
1585367008.3374,6099.0,0.5,Buy
1585367020.3699,6100.0,0.641,Buy
1585367023.456,6099.0,0.054,Sell
1585367041.3777,6105.0,0.97,Buy
1585367043.7402,6105.0,3.0,Buy
1585367049.4853,6106.5,0.5,Buy
1585367061.3946,6110.0,1.0,Buy
1585367063.3794,6108.0,0.648,Sell
1585367064.5493,6110.0,0.462,Buy
1585367072.6057,6109.5,0.25,Buy
1585367079.3834,6110.0,0.2,Buy
1585367085.3822,6105.5,0.28,Sell
1585367090.2598,6103.0,0.01,Sell
1585367097.5634,6102.5,0.91,Sell
1585367097.5634,6103.0,0.09,Sell
1585367097.661,6098.5,0.035,Sell
1585367097.661,6102.5,0.09,Sell
1585367108.956,6099.0,0.01,Buy
1585367122.0805,6101.5,1.78,Sell
1585367122.543,6104.0,2.0,Buy
1585367129.3865,6102.0,0.754,Sell
1585367141.4984,6100.0,0.055,Buy
1585367142.3884,6099.5,0.418,Sell
1585367147.9043,6102.0,3.61,Buy
1585367155.3913,6101.5,0.654,Buy
1585367162.6637,6101.0,0.5,Buy
1585367168.3931,6099.5,0.598,Buy
1585367181.4013,6098.5,0.065,Sell
1585367181.4013,6098.5,0.795,Sell
1585367221.3933,6101.5,0.125,Sell
1585367223.4058,6101.0,3.911,Sell
1585367235.9997,6100.5,0.741,Sell
1585367244.4075,6100.5,0.427,Sell
1585367245.8749,6101.0,2.0,Buy
1585367265.4104,6110.5,0.257,Sell
1585367267.4122,6108.5,0.595,Buy
1585367269.4151,6109.0,0.328,Sell
1585367271.4169,6108.0,2.722,Sell
1585367291.2486,6116.0,0.125,Buy
1585367296.4078,6118.5,0.9,Buy
1585367319.3514,6112.0,0.144,Sell
1585367321.354,6113.5,0.239,Sell
1585367323.3557,6114.0,0.457,Sell
1585367335.8514,6115.5,2.0,Buy
1585367377.3496,6111.5,3.691,Sell
1585367387.7044,6105.0,0.001,Buy
1585367393.4397,6101.0,0.001,Sell
1585367404.9811,6103.5,0.533,Buy
1585367406.3512,6103.0,0.487,Sell
1585367418.2507,6103.5,0.001,Buy
1585367435.3544,6099.5,0.369,Sell
1585367436.3582,6100.0,0.001,Buy
1585367439.4836,6098.0,0.002,Sell
1585367448.4099,6098.0,0.098,Sell
1585367448.4099,6098.0,0.08,Sell
1585367448.4099,6096.5,3.822,Sell
1585367456.1955,6100.0,1.78,Buy
1585367458.3808,6099.0,0.682,Buy
1585367464.3561,6109.0,0.419,Buy
1585367493.3632,6107.0,0.468,Sell
1585367504.365,6108.5,4.24,Sell
1585367515.3679,6109.0,0.15,Sell
1585367523.7752,6110.5,0.085,Buy
1585367526.3697,6110.5,0.941,Sell
1585367537.3767,6112.5,0.746,Sell
1585367541.3784,6112.5,0.345,Sell
1585367541.4066,6113.5,0.05,Buy
1585367544.5357,6113.0,0.563,Buy
1585367549.383,6112.5,0.95,Buy
1585367557.3497,6113.5,0.656,Sell
1585367563.3515,6113.0,0.371,Buy
1585367567.8486,6115.0,0.05,Buy
1585367567.8486,6115.0,0.06,Buy
1585367589.5495,6120.0,0.05,Buy
1585367589.5495,6120.0,1.95,Buy
1585367600.5023,6121.0,2.87,Buy
1585367615.6415,6125.0,0.01,Buy
1585367615.6415,6125.5,0.022,Buy
1585367615.6468,6125.5,0.2,Buy
1585367617.3497,6124.0,0.586,Sell
1585367624.5897,6128.0,3.0,Buy
1585367635.0844,6132.5,0.05,Buy
1585367635.0844,6130.0,0.05,Buy
1585367638.3513,6129.0,0.889,Sell
1585367641.9976,6130.5,0.001,Buy
1585367659.3541,6121.5,4.294,Buy
1585367680.3559,6119.5,0.411,Buy
1585367684.5599,6119.0,0.001,Sell
1585367701.3641,6120.5,0.21,Buy
1585367713.3658,6121.0,0.088,Sell
1585367720.2429,6121.0,3.0,Sell
1585367722.9485,6121.5,0.072,Buy
1585367725.3686,6128.5,0.349,Buy
1585367737.3703,6127.0,3.139,Sell
1585367749.3774,6123.0,4.639,Sell
1585367750.3791,6125.5,0.478,Sell
1585367750.9615,6126.5,0.001,Sell
1585367752.3835,6126.5,0.524,Buy
1585367756.421,6126.0,2.0,Sell
1585367760.4512,6119.5,0.001,Buy
1585367785.9939,6119.0,0.099,Sell
1585367797.3496,6116.0,0.344,Sell
1585367843.3539,6117.5,0.405,Sell
1585367866.3556,6117.5,0.982,Buy
1585367889.3592,6117.5,0.02,Sell
1585367891.0488,6118.0,0.047,Buy
1585367906.1486,6120.0,0.01,Buy
1585367913.3638,6121.5,0.888,Sell
1585367925.3654,6121.0,4.265,Sell
1585367937.3723,6119.5,0.856,Buy
1585367956.374,6119.5,0.263,Buy
1585367956.9491,6119.0,0.001,Sell
1585367969.801,6121.0,0.5,Buy
1585367975.3768,6118.5,4.327,Sell
1585367984.585,6118.0,0.001,Buy
1585368007.9341,6109.0,0.1,Sell
1585368007.9341,6108.5,0.9,Sell
1585368014.203,6102.0,2.502,Sell
1585368032.3871,6102.5,0.179,Buy
1585368058.1138,6099.0,0.049,Sell
1585368085.771,6099.0,0.051,Sell
1585368085.771,6099.0,0.449,Sell
1585368088.9329,6100.0,2.0,Buy
1585368089.3944,6099.5,0.155,Buy
1585368091.3962,6099.5,0.067,Buy
1585368097.4035,6102.0,0.21,Buy
1585368122.4052,6098.5,0.431,Buy
1585368162.6659,6090.5,0.491,Sell
1585368162.6659,6098.0,0.009,Sell
1585368182.1565,6104.0,0.146,Buy
1585368197.4178,6106.5,0.944,Sell
1585368213.7501,6107.0,0.01,Buy
1585368249.4302,6115.0,0.309,Buy
1585368274.4319,6113.0,0.074,Buy
1585368283.7485,6106.0,0.01,Sell
1585368286.4228,6105.0,1.0,Sell
1585368299.4349,6106.0,0.645,Buy
1585368306.2149,6106.5,0.5,Sell
1585368310.3118,6107.0,0.05,Sell
1585368312.6168,6106.0,0.032,Sell
1585368327.3485,6104.0,0.377,Sell
1585368360.2963,6104.5,0.028,Sell
1585368370.1744,6105.0,1.0,Buy
1585368373.4455,6104.0,0.171,Sell
1585368402.8997,6106.5,0.19,Buy
1585368402.8997,6106.0,0.01,Buy
1585368421.4501,6103.5,0.013,Buy
1585368430.2486,6103.0,0.01,Sell
1585368445.4538,6102.0,0.657,Buy
1585368451.4849,6102.5,1.0,Sell
1585368455.4555,6103.0,0.623,Buy
1585368465.4584,6102.0,0.058,Buy
1585368477.9948,6106.0,0.148,Buy
1585368477.9948,6106.5,0.552,Buy
1585368483.3486,6106.5,0.528,Buy
1585368483.4486,6106.5,0.273,Buy
1585368483.5486,6106.5,0.457,Buy
1585368485.4674,6111.5,1.62,Buy
1585368485.4725,6113.5,0.1,Buy
1585368492.4692,6111.0,0.899,Sell
1585368506.4737,6110.0,0.244,Buy
1585368517.3496,6114.0,0.484,Sell
1585368520.3514,6114.5,0.34,Buy
1585368523.3544,6114.5,0.335,Sell
1585368565.129,6115.0,0.01,Buy
1585368565.129,6115.0,0.007,Buy
1585368565.129,6116.5,0.614,Buy
1585368577.3501,6113.5,0.736,Sell
1585368585.8487,6114.0,0.096,Buy
1585368605.3519,6115.5,0.521,Sell
1585368617.4974,6117.5,1.0,Buy
1585368633.3546,6114.5,0.484,Buy
1585368661.3564,6114.5,0.569,Sell
1585368662.8517,6112.0,1.983,Sell
1585368662.8517,6114.0,0.01,Sell
1585368662.8517,6113.0,0.007,Sell
1585368689.3644,6114.0,0.949,Sell
1585368711.3663,6118.0,0.009,Sell
1585368724.0979,6120.0,0.01,Buy
1585368724.0979,6120.5,1.99,Buy
1585368733.3691,6119.0,0.035,Buy
1585368748.3654,6122.0,2.0,Buy
1585368761.2665,6127.5,0.009,Buy
1585368777.3734,6127.0,0.284,Sell
1585368778.5576,6127.0,0.05,Sell
1585368782.3752,6126.0,0.426,Buy
1585368784.6309,6130.0,0.075,Buy
1585368784.6309,6130.0,0.5,Buy
1585368784.6309,6130.0,0.334,Buy
1585368784.6309,6127.5,0.091,Buy
1585368797.0487,6128.0,0.1,Buy
1585368798.4486,6130.0,0.1,Buy
1585368807.7486,6135.0,0.025,Buy
1585368807.7537,6140.0,0.01,Buy
1585368807.7537,6140.0,0.99,Buy
1585368812.0183,6138.0,2.0,Buy
1585368817.3497,6141.5,0.244,Buy
1585368829.626,6140.5,0.01,Sell
1585368843.5486,6140.0,0.009,Sell
1585368844.4486,6135.0,0.02,Sell
1585368845.3514,6130.5,0.393,Sell
1585368846.205,6133.5,0.121,Buy
1585368862.9746,6133.5,0.004,Buy
1585368873.3541,6130.5,1.595,Buy
1585368918.2377,6129.0,0.009,Sell
1585368919.3459,6129.0,0.001,Sell
1585368919.3459,6128.5,0.008,Sell
1585368929.3629,6130.0,0.173,Sell
1585368947.1557,6126.0,0.04,Buy
1585368951.3677,6127.0,0.468,Sell
1585368973.3731,6129.0,0.566,Buy
1585368990.3749,6129.0,0.479,Buy
1585369007.3777,6129.0,0.472,Buy
1585369009.8142,6129.0,0.055,Sell
1585369024.3794,6128.0,0.679,Buy
1585369030.8727,6125.0,0.058,Buy
1585369041.3822,6121.5,0.894,Sell
1585369062.3839,6116.0,0.557,Sell
1585369083.3867,6126.5,0.396,Sell
1585369125.3967,6126.0,0.437,Buy
1585369126.8472,6126.5,10.547,Sell
1585369126.8472,6126.0,2.911,Sell
1585369136.3985,6126.5,0.742,Sell
1585369152.6931,6130.5,0.2,Buy
1585369171.2487,6130.5,0.1,Buy
1585369171.3487,6131.0,0.01,Buy
1585369183.2433,6126.5,0.01,Sell
1585369200.3515,6130.5,0.088,Buy
1585369223.3544,6122.5,0.769,Sell
1585369223.9735,6123.0,0.57,Buy
1585369246.3561,6125.0,2.556,Buy
1585369269.3589,6133.0,0.694,Buy
1585369289.5896,6131.0,0.01,Sell
1585369297.364,6130.5,0.519,Buy
1585369303.8503,6130.5,0.225,Sell
1585369311.3657,6135.5,0.124,Buy
1585369315.3465,6134.5,0.01,Sell
1585369325.373,6133.5,4.694,Sell
1585369338.5579,6135.5,0.1,Buy
1585369347.3776,6137.0,0.903,Buy
1585369358.3793,6139.5,0.006,Sell
1585369369.8486,6140.0,0.066,Sell
1585369374.3855,6134.0,0.714,Sell
1585369379.3885,6134.5,0.018,Sell
1585369396.7556,6135.5,0.03,Sell
1585369410.5491,6134.0,0.01,Sell
1585369417.3496,6134.5,3.073,Buy
1585369421.3514,6139.0,0.159,Buy
1585369429.3558,6142.0,0.127,Sell
1585369433.1634,6142.0,0.01,Sell
1585369451.4799,6141.5,0.01,Sell
1585369451.7529,6142.5,1.0,Buy
1585369477.3497,6141.0,0.086,Sell
1585369505.3514,6139.5,0.199,Sell
1585369508.4333,6140.0,2.122,Buy
1585369527.7524,6144.0,0.066,Sell
1585369533.354,6143.0,0.453,Sell
1585369567.513,6140.0,2.0,Buy
1585369595.5031,6139.0,0.02,Buy
1585369597.3603,6138.5,0.821,Sell
1585369605.3632,6140.5,0.711,Sell
1585369621.3687,6141.5,0.779,Sell
1585369621.8499,6141.0,0.01,Sell
1585369664.3055,6139.5,0.007,Buy
1585369665.6024,6139.0,0.1,Sell
1585369675.376,6139.5,0.446,Sell
1585369697.3777,6137.0,0.071,Sell
1585369718.8487,6135.5,0.003,Sell
1585369726.7205,6131.0,0.125,Sell
1585369763.3899,6135.5,1.079,Sell
1585369769.1992,6130.0,0.125,Sell
1585369787.3916,6137.0,0.777,Sell
1585369805.6919,6136.0,0.125,Sell
1585369811.3946,6138.0,0.177,Sell
1585369815.7132,6134.5,0.01,Buy
1585369859.4001,6125.5,0.661,Sell
1585369863.6128,6126.5,0.001,Sell
1585369879.5149,6128.5,0.001,Buy
1585369888.2357,6125.0,0.001,Sell
1585369898.2816,6125.0,0.049,Sell
1585369898.2816,6125.0,2.821,Sell
1585369898.4062,6123.5,0.296,Sell
1585369911.4133,6127.0,0.407,Sell
1585369915.8486,6127.5,0.506,Buy
1585369915.9486,6127.5,0.494,Buy
1585369939.4152,6129.0,3.482,Sell
1585369967.4181,6128.5,1.989,Sell
1585369995.4199,6136.0,1.207,Sell
1585370020.0141,6133.5,0.7,Buy
1585370023.4235,6134.5,1.419,Sell
1585370038.4252,6139.0,0.401,Sell
1585370043.1901,6139.5,2.65,Buy
1585370053.4281,6139.0,3.794,Buy
1585370068.43,6139.5,0.257,Sell
1585370082.6486,6140.0,0.03,Buy
1585370083.4327,6143.5,0.894,Buy
1585370091.4344,6143.5,0.056,Buy
1585370099.4374,6144.0,0.738,Sell
1585370107.4392,6142.0,0.549,Buy
1585370115.4432,6138.5,0.768,Sell
1585370137.3497,6141.5,4.841,Buy
1585370159.3515,6145.5,0.601,Buy
1585370181.3545,6142.5,0.124,Sell
1585370203.3562,6143.0,0.598,Buy
1585370225.3588,6139.0,0.668,Sell
1585370231.3606,6139.5,0.209,Sell
1585370243.3653,6142.0,0.994,Buy
1585370257.3498,6139.0,0.311,Sell
1585370263.0296,6139.0,0.054,Sell
1585370277.3515,6140.0,0.927,Sell
1585370337.3633,6141.0,0.31,Sell
1585370345.097,6144.0,0.1,Sell
1585370352.3651,6144.0,0.205,Sell
1585370360.4834,6138.5,0.16,Sell
1585370382.3698,6138.5,0.538,Sell
1585370393.3488,6150.0,0.1,Buy
1585370393.3488,6150.0,0.072,Buy
1585370393.4487,6150.0,0.028,Buy
1585370393.7515,6157.0,0.086,Buy
1585370393.7515,6160.5,0.214,Buy
1585370393.7554,6160.5,0.375,Buy
1585370393.8487,6168.0,0.7,Buy
1585370393.854,6176.5,4.094,Buy
1585370393.854,6175.0,0.005,Buy
1585370393.854,6170.0,0.005,Buy
1585370393.8595,6179.0,1.347,Buy
1585370393.8595,6178.5,1.287,Buy
1585370393.8595,6178.0,1.347,Buy
1585370393.8595,6179.5,0.595,Buy
1585370393.8595,6177.0,2.5,Buy
1585370393.8595,6176.5,0.517,Buy
1585370393.8595,6177.0,1.985,Buy
1585370393.8595,6179.0,3.264,Buy
1585370393.8595,6177.5,3.118,Buy
1585370396.6429,6176.5,0.049,Buy
1585370397.3725,6177.0,0.779,Sell
1585370398.1487,6180.0,0.005,Buy
1585370399.3742,6180.5,0.001,Buy
1585370401.377,6170.5,0.945,Sell
1585370403.3788,6174.0,0.82,Buy
1585370419.7434,6179.5,0.075,Sell
1585370420.821,6184.5,0.029,Sell
1585370423.4486,6185.0,0.476,Buy
1585370423.5486,6185.0,0.274,Buy
1585370423.6486,6185.0,0.731,Buy
1585370423.9487,6185.0,0.519,Buy
1585370423.9487,6185.0,0.005,Buy
1585370426.8748,6188.0,0.1,Buy
1585370437.3498,6181.5,0.838,Sell
1585370438.3515,6181.0,0.465,Sell
1585370438.849,6179.5,0.017,Buy
1585370438.8798,6179.5,0.015,Buy
1585370439.3543,6178.5,0.059,Buy
1585370440.3559,6175.5,0.681,Buy
1585370443.4446,6179.5,0.005,Buy
1585370450.6803,6182.5,0.165,Buy
1585370461.3849,6180.5,2.0,Sell
1585370471.5167,6176.5,0.2,Sell
1585370488.258,6173.0,0.037,Sell
1585370497.3497,6175.5,0.212,Sell
1585370522.3515,6176.0,0.571,Sell
1585370532.3882,6181.5,2.058,Sell
1585370545.9273,6186.5,0.304,Sell
1585370546.4302,6186.5,0.645,Sell
1585370547.3545,6187.5,0.882,Sell
1585370554.2486,6188.0,0.1,Buy
1585370554.6485,6190.0,0.005,Buy
1585370572.3562,6193.0,0.156,Sell
1585370576.5072,6192.0,0.2,Sell
1585370577.3641,6192.0,0.1,Buy
1585370597.3636,6189.5,0.481,Sell
1585370604.3654,6187.0,0.295,Sell
1585370607.9924,6190.5,0.005,Buy
1585370611.3683,6189.0,0.752,Sell
1585370625.3783,6183.5,0.471,Buy
1585370626.3801,6183.0,0.088,Buy
1585370627.3829,6183.0,0.409,Buy
1585370628.3846,6181.0,0.755,Sell
1585370629.5973,6178.0,0.1,Sell
1585370629.7417,6178.0,0.015,Sell
1585370634.7743,6182.5,0.1,Sell
1585370672.0544,6180.0,0.125,Sell
1585370677.3498,6181.5,0.806,Sell
1585370680.0738,6180.5,0.005,Sell
1585370701.3516,6180.0,0.708,Sell
1585370715.1507,6178.0,0.1,Sell
1585370721.8403,6175.0,0.003,Sell
1585370725.3544,6174.5,0.56,Sell
1585370749.3562,6172.5,0.747,Sell
1585370749.927,6171.0,0.04,Sell
1585370751.2413,6168.0,0.149,Sell
1585370759.0878,6169.0,1.25,Sell
1585370773.3646,6179.5,0.939,Sell
1585370774.3665,6179.5,0.662,Sell
1585370775.3696,6179.5,0.418,Sell
1585370776.3714,6179.0,0.477,Buy
1585370795.1487,6182.0,0.108,Buy
1585370797.3498,6187.0,0.803,Sell
1585370814.3515,6184.0,0.982,Sell
1585370829.6509,6179.5,0.027,Sell
1585370831.3543,6181.0,0.944,Buy
1585370846.087,6177.0,0.05,Sell
1585370848.356,6177.0,0.804,Buy
1585370865.3587,6175.0,0.07,Buy
1585370894.2322,6178.0,1.0,Sell
1585370901.365,6178.0,0.362,Buy
1585370917.3496,6177.0,0.529,Sell
1585370923.3513,6177.0,0.533,Sell
1585370929.3541,6173.5,0.613,Sell
1585370934.5244,6174.5,5.0,Sell
1585370935.3558,6175.5,0.751,Sell
1585370966.8304,6165.5,4.0,Sell
1585370977.3496,6165.0,0.469,Buy
1585370996.7839,6162.0,0.007,Sell
1585370996.7896,6164.0,0.005,Buy
1585371022.3562,6166.0,0.897,Sell
1585371037.3588,6166.5,0.292,Sell
1585371040.3606,6166.0,0.256,Sell
1585371043.3647,6166.0,1.394,Sell
1585371049.3703,6166.0,0.788,Sell
1585371068.5601,6164.0,0.005,Sell
1585371069.372,6165.0,0.157,Buy
1585371096.7867,6161.5,4.381,Sell
1585371100.3514,6161.5,0.252,Sell
1585371103.3544,6162.0,0.972,Buy
1585371106.3561,6161.5,0.167,Sell
1585371157.3497,6158.0,0.352,Sell
1585371183.3515,6151.5,0.515,Sell
1585371191.4694,6151.0,0.606,Sell
1585371208.6177,6152.0,0.879,Sell
1585371209.3558,6156.0,0.757,Sell
1585371235.3576,6156.5,0.349,Sell
1585371246.7903,6156.5,0.086,Sell
1585371252.7515,6157.0,0.015,Buy
1585371254.7488,6157.0,0.006,Buy
1585371258.0683,6161.0,0.02,Buy
1585371258.0683,6163.0,0.105,Buy
1585371261.365,6167.0,0.917,Buy
1585371265.1866,6169.0,0.879,Buy
1585371279.5257,6168.0,0.149,Buy
1585371290.3669,6164.5,0.182,Buy
1585371295.4214,6164.5,1.0,Sell
1585371319.3696,6164.0,0.868,Sell
1585371324.2377,6161.0,0.07,Sell
1585371348.3713,6161.5,0.718,Sell
1585371369.5486,6163.5,0.01,Buy
1585371377.3795,6166.5,0.908,Sell
1585371380.9345,6170.0,0.4,Buy
1585371386.3812,6168.0,1.609,Buy
1585371395.384,6167.0,0.593,Buy
1585371400.2288,6168.0,0.001,Buy
1585371404.3857,6166.5,0.319,Sell
1585371413.3884,6167.5,0.183,Sell
1585371418.3901,6164.0,0.847,Sell
1585371423.393,6163.0,0.381,Sell
1585371428.3947,6160.5,0.847,Sell
1585371430.0433,6160.5,0.303,Sell
1585371457.3497,6161.0,0.442,Buy
1585371483.3514,6164.5,0.539,Sell
1585371483.4342,6165.0,0.001,Buy
1585371497.5484,6165.0,0.019,Buy
1585371501.3824,6171.0,0.07,Buy
1585371509.3542,6170.5,0.41,Sell
1585371514.3782,6170.5,1.25,Buy
1585371527.214,6168.5,0.005,Sell
1585371546.2495,6160.5,0.001,Sell
1585371546.2868,6162.0,0.001,Sell
1585371560.9085,6168.0,0.001,Buy
1585371561.3598,6166.0,0.873,Sell
1585371569.3616,6164.5,0.291,Sell
1585371577.3644,6165.0,0.888,Buy
1585371585.3662,6166.5,0.863,Sell
1585371602.3753,6166.5,0.357,Buy
1585371618.9486,6167.0,0.01,Buy
1585371661.3515,6169.5,0.288,Sell
1585371692.2928,6169.0,6.0,Sell
1585371692.6739,6168.5,1.29,Sell
1585371692.6739,6169.0,4.71,Sell
1585371700.5581,6170.0,1.514,Buy
1585371700.5581,6169.5,3.975,Buy
1585371700.5581,6170.0,0.5,Buy
1585371700.5581,6170.0,0.01,Buy
1585371700.5581,6170.0,0.001,Buy
1585371711.581,6167.5,0.001,Buy
1585371721.0487,6166.0,0.01,Sell
1585371733.3659,6162.0,0.615,Sell
1585371733.8187,6162.0,0.5,Sell
1585371752.3677,6158.0,0.829,Sell
1585371770.9974,6155.0,0.01,Sell
1585371771.3705,6154.5,0.406,Sell
1585371790.3722,6154.5,0.395,Sell
1585371809.3749,6153.0,3.328,Sell
1585371809.3749,6153.0,0.804,Sell
1585371817.3769,6153.5,4.649,Sell
1585371822.6555,6154.5,1.25,Sell
1585371825.3799,6154.5,0.298,Buy
1585371841.3844,6153.5,0.894,Buy
1585371850.3861,6152.5,0.068,Sell
1585371859.3894,6152.5,2.568,Buy
1585371880.1458,6152.0,0.001,Sell
1585371896.0562,6154.5,0.001,Sell
1585371906.3954,6154.5,0.955,Sell
1585371935.3981,6154.0,0.835,Sell
1585371950.9271,6152.0,0.016,Sell
1585371950.9271,6152.0,0.001,Sell
1585371950.9271,6149.0,0.223,Sell
1585371950.9455,6148.5,0.05,Sell
1585371964.3999,6150.5,0.281,Buy
1585371969.3485,6150.0,0.02,Sell
1585372037.4154,6149.0,0.692,Sell
1585372081.0486,6148.0,0.02,Sell
1585372081.0486,6148.0,0.01,Sell
1585372081.0486,6148.0,0.01,Sell
1585372090.4057,6144.5,0.165,Sell
1585372097.4286,6143.0,4.417,Buy
1585372110.214,6141.0,0.02,Sell
1585372110.214,6141.0,3.73,Sell
1585372111.7903,6141.0,0.01,Sell
1585372121.4393,6144.0,0.422,Buy
1585372133.4411,6142.5,0.933,Sell
1585372168.4456,6143.5,0.256,Sell
1585372191.4485,6144.5,0.711,Buy
1585372214.4502,6151.5,0.572,Buy
1585372216.0759,6152.0,0.001,Buy
1585372237.4543,6150.0,0.19,Buy
1585372243.1413,6152.5,0.607,Sell
1585372248.456,6152.5,0.621,Buy
1585372252.0969,6153.0,0.117,Buy
1585372252.0969,6153.0,0.001,Buy
1585372278.4639,6154.5,0.349,Buy
1585372316.4684,6153.5,0.802,Buy
1585372321.2885,6154.0,0.2,Buy
1585372335.4712,6151.5,0.091,Sell
1585372352.4486,6150.0,0.047,Sell
1585372353.4757,6144.5,0.121,Buy
1585372362.4774,6142.0,0.527,Buy
1585372371.4855,6138.5,0.07,Sell
1585372371.4855,6138.5,0.71,Sell
1585372371.4912,6138.5,0.001,Sell
1585372404.4923,6142.5,0.394,Sell
1585372417.3496,6146.0,0.107,Sell
1585372419.2695,6147.5,0.118,Buy
1585372435.3514,6148.5,0.71,Sell
1585372437.8781,6149.0,0.001,Buy
1585372471.3559,6151.0,0.625,Sell
1585372480.3835,6151.0,0.006,Buy
1585372489.3598,6151.0,0.011,Sell
1585372497.3614,6147.5,0.873,Sell
1585372505.3663,6148.0,0.702,Sell
1585372507.3681,6150.0,2.594,Buy
1585372509.3709,6150.0,0.355,Buy
1585372531.179,6152.0,0.004,Buy
1585372537.3498,6151.5,2.458,Sell
1585372632.1361,6152.0,0.022,Buy
1585372632.1361,6152.0,0.015,Buy
1585372638.6629,6151.0,0.032,Sell
1585372640.0421,6150.0,0.039,Buy
1585372641.3587,6148.5,0.274,Buy
1585372661.3603,6147.0,1.561,Sell
1585372721.3686,6147.5,0.268,Sell
1585372737.3705,6147.5,0.116,Sell
1585372740.8096,6152.5,0.19,Buy
1585372740.8096,6148.0,0.01,Buy
1585372753.3749,6151.5,0.916,Sell
1585372775.0362,6153.0,0.016,Buy
1585372837.3839,6154.5,0.306,Sell
1585372856.4486,6155.0,0.02,Buy
1585372863.3856,6159.5,0.645,Sell
1585372889.3929,6160.5,3.567,Sell
1585372898.3947,6160.5,0.363,Sell
1585372907.3973,6161.0,0.212,Sell
1585372925.4018,6161.0,0.909,Sell
1585372932.4035,6159.0,0.604,Buy
1585372939.4062,6158.5,0.912,Sell
1585372944.6849,6157.5,0.236,Sell
1585372953.413,6155.5,0.047,Sell
1585372964.4148,6155.5,0.842,Sell
1585372964.4148,6155.5,0.047,Sell
1585372975.4198,6155.5,0.047,Sell
1585372975.4198,6155.5,0.166,Sell
1585372988.4215,6154.5,0.293,Sell
1585373001.4243,6158.5,2.962,Buy
1585373014.4261,6158.0,2.417,Sell
1585373027.4287,6158.0,0.327,Buy
1585373041.4305,6156.5,0.159,Sell
1585373055.4334,6156.5,0.34,Sell
1585373112.4525,6155.0,0.1,Sell
1585373112.4525,6154.5,1.216,Sell
1585373112.4525,6153.5,0.684,Sell
1585373130.4926,6161.0,0.5,Sell
1585373143.4493,6158.0,0.667,Sell
1585373163.4565,6159.0,1.52,Buy
1585373175.4583,6159.0,0.805,Sell
1585373187.461,6159.5,0.941,Buy
1585373211.4656,6159.5,3.128,Sell
1585373238.2486,6160.0,0.02,Buy
1585373257.4702,6161.5,0.51,Sell
1585373257.727,6161.5,0.1,Sell
1585373280.4719,6161.5,0.35,Sell
1585373313.4809,6161.5,0.922,Buy
1585373317.2508,6162.0,0.02,Buy
1585373317.2508,6162.0,0.07,Buy
1585373317.2508,6162.0,0.02,Buy
1585373323.4855,6176.0,0.777,Sell
1585373329.3486,6180.0,0.02,Buy
1585373333.4872,6181.5,0.683,Sell
1585373343.4901,6183.0,4.281,Sell
1585373361.7489,6171.0,0.02,Buy
1585373371.4919,6174.5,0.77,Buy
1585373380.9166,6173.5,0.02,Sell
1585373394.9488,6175.0,0.02,Buy
1585373399.4948,6176.5,0.511,Buy
1585373427.4965,6175.5,0.071,Sell
1585373433.0487,6177.0,0.02,Buy
1585373437.7168,6179.0,0.001,Sell
1585373457.501,6178.5,0.208,Buy
1585373459.5036,6179.0,0.693,Sell
1585373467.7488,6179.5,0.064,Sell
1585373487.7818,6180.0,0.005,Buy
1585373497.35,6179.5,0.221,Buy
1585373512.3517,6179.5,0.034,Sell
1585373516.1216,6179.0,2.0,Sell
1585373519.991,6179.0,2.0,Sell
1585373527.3545,6179.0,0.921,Sell
1585373542.3563,6177.0,0.245,Buy
1585373552.6017,6176.5,0.056,Buy
1585373557.3603,6176.0,0.147,Sell
1585373563.3671,6177.0,0.121,Sell
1585373563.7821,6178.0,0.1,Buy
1585373612.7909,6175.0,0.01,Sell
1585373626.3731,6169.5,0.064,Buy
1585373647.3759,6172.5,0.903,Sell
1585373648.3778,6172.5,0.541,Sell
1585373650.3824,6172.5,0.568,Sell
1585373677.3496,6170.0,0.81,Buy
1585373737.3497,6173.5,2.817,Buy
1585373787.3545,6171.5,0.8,Buy
1585373837.3603,6173.0,0.033,Sell
1585373846.3621,6174.0,0.16,Sell
1585373855.3683,6174.0,0.605,Sell
1585373868.4246,6176.0,0.01,Buy
1585373875.6493,6177.5,0.01,Sell
1585373882.5303,6180.0,0.005,Buy
1585373882.5303,6180.0,0.005,Buy
1585373885.3729,6177.5,0.312,Sell
1585373900.3746,6178.0,0.211,Sell
1585373915.3778,6179.0,3.183,Sell
1585373927.3795,6178.5,0.741,Buy
1585373950.7632,6180.0,0.061,Buy
1585373951.3839,6181.5,0.901,Sell
1585373959.9278,6182.0,1.038,Buy
1585373963.3917,6181.0,0.818,Sell
1585373976.3935,6181.5,0.689,Sell
1585373989.3963,6181.5,0.724,Buy
1585374029.4026,6172.0,0.661,Sell
1585374043.4055,6174.0,0.42,Sell
1585374049.3162,6174.5,0.623,Sell
1585374071.4112,6169.0,4.983,Sell
1585374087.5155,6171.0,0.423,Buy
1585374092.4131,6169.0,0.973,Sell
1585374104.1317,6165.0,1.0,Sell
1585374111.0253,6169.0,0.461,Buy
1585374112.8027,6167.0,0.05,Sell
1585374113.416,6168.5,0.676,Buy
1585374134.4177,6162.5,0.063,Buy
1585374155.425,6163.0,0.415,Buy
1585374169.4268,6161.5,0.942,Buy
1585374183.4302,6155.5,0.666,Sell
1585374183.4359,6155.0,0.461,Sell
1585374197.4319,6155.5,0.159,Sell
1585374218.4376,6157.5,0.911,Sell
1585374222.241,6157.0,1.119,Buy
1585374225.4404,6157.0,0.172,Sell
1585374239.4493,6157.0,0.194,Sell
1585374240.451,6157.0,0.002,Sell
1585374241.4539,6157.0,0.435,Sell
1585374250.5486,6157.5,0.1,Buy
1585374277.3497,6160.0,0.967,Sell
1585374282.3514,6162.0,4.913,Sell
1585374287.354,6162.0,3.336,Buy
1585374298.9991,6162.5,1.038,Buy
1585374299.0045,6161.0,1.119,Sell
1585374314.8312,6160.0,0.31,Buy
1585374333.8837,6159.5,0.105,Sell
1585374337.3496,6159.0,0.738,Sell
1585374358.3514,6158.5,0.929,Sell
1585374368.2808,6159.0,0.1,Buy
1585374379.3543,6158.0,0.217,Buy
1585374400.3561,6162.0,0.757,Sell
1585374421.3633,6159.0,1.935,Sell
1585374450.3651,6160.5,0.846,Sell
1585374537.3736,6159.5,0.955,Sell
1585374575.3807,6159.5,0.089,Sell
1585374601.3826,6159.5,0.866,Sell
1585374601.3826,6159.5,0.012,Sell
1585374691.1627,6155.0,0.132,Sell
1585374694.3486,6155.0,0.619,Sell
1585374694.4485,6155.0,0.1,Sell
1585374694.5486,6155.0,0.415,Sell
1585374694.6484,6155.0,0.734,Sell
1585374698.3486,6150.0,0.04,Sell
1585374707.3943,6151.5,0.21,Sell
1585374721.3961,6151.5,4.636,Sell
1585374735.3988,6147.5,0.375,Sell
1585374751.4005,6145.5,0.445,Sell
1585374757.8176,6152.0,1.099,Sell
1585374767.4034,6145.5,0.972,Sell
1585374798.2662,6146.5,0.1,Sell
1585374799.4137,6147.5,0.989,Buy
1585374805.4155,6148.0,0.774,Buy
1585374810.1684,6150.5,1.099,Buy
1585374811.4184,6147.5,0.902,Buy
1585374817.4201,6147.5,0.312,Sell
1585374820.1071,6149.0,0.05,Buy
1585374823.4228,6148.0,0.275,Sell
1585374825.4246,6148.5,0.998,Buy
1585374827.4273,6149.0,0.292,Sell
1585374829.4291,6149.0,0.054,Sell
1585374877.3496,6148.5,1.611,Sell
1585374885.3514,6150.0,0.342,Sell
1585374893.3543,6150.5,0.588,Sell
1585374901.3561,6149.5,0.786,Buy
1585374937.3498,6149.0,0.311,Sell
1585374938.3515,6148.5,0.42,Sell
1585374939.3544,6149.0,0.414,Buy
1585374940.3561,6148.5,0.161,Buy
1585375009.3559,6148.5,0.226,Sell
1585375057.3498,6150.0,0.928,Buy
1585375058.3515,6150.0,0.908,Sell
1585375059.3543,6150.0,0.498,Sell
1585375060.3561,6150.0,0.088,Sell
1585375117.3498,6153.0,0.238,Buy
1585375134.3516,6150.5,0.532,Sell
1585375151.3544,6151.0,2.881,Buy
1585375185.3634,6158.5,3.103,Sell
1585375219.3682,6159.5,0.344,Sell
1585375236.3699,6157.0,0.291,Sell
1585375301.3788,6159.5,0.141,Sell
1585375302.0757,6159.5,2.447,Sell
1585375331.3841,6158.5,0.074,Sell
1585375345.3869,6162.0,0.695,Sell
1585375359.3887,6161.5,0.733,Buy
1585375375.4264,6162.0,0.001,Sell
1585375382.3977,6162.5,0.173,Sell
1585375391.4005,6162.5,0.178,Sell
1585375400.4022,6162.5,4.875,Buy
1585375417.3497,6166.0,4.229,Sell
1585375429.3514,6166.5,0.035,Buy
1585375429.3566,6166.0,0.05,Sell
1585375433.6085,6166.0,2.055,Sell
1585375433.6085,6166.0,2.053,Sell
1585375441.3541,6165.5,0.789,Sell
1585375442.4913,6166.5,4.107,Sell
1585375453.3558,6166.0,0.156,Sell
1585375477.3496,6165.0,0.444,Buy
1585375478.3514,6164.5,0.104,Sell
1585375479.3543,6165.5,0.36,Buy
1585375537.3496,6160.0,3.06,Sell
1585375537.3496,6160.0,0.485,Sell
1585375540.3514,6161.0,1.354,Sell
1585375542.8585,6160.0,1.322,Sell
1585375542.8585,6160.5,1.024,Sell
1585375543.3542,6161.0,0.567,Sell
1585375546.356,6161.0,0.422,Buy
1585375597.3496,6160.5,0.795,Sell
1585375600.3513,6160.0,0.152,Buy
1585375603.3542,6159.0,0.516,Sell
1585375653.3195,6156.5,0.25,Buy
1585375658.3513,6156.5,0.346,Sell
1585375659.2141,6156.0,0.001,Sell
1585375666.9487,6156.0,0.315,Sell
1585375678.1433,6150.5,0.4,Sell
1585375690.3308,6150.5,0.075,Sell
1585375723.7422,6148.0,0.1,Sell
1585375723.7422,6144.5,0.528,Sell
1585375736.3515,6147.0,0.811,Buy
1585375755.3544,6147.5,0.437,Sell
1585375774.3561,6149.0,0.651,Sell
1585375793.3601,6148.5,0.518,Sell
1585375796.3619,6148.5,0.352,Buy
1585375799.3647,6148.5,0.164,Sell
1585375802.3664,6148.5,0.078,Buy
1585375837.3496,6147.0,0.951,Sell
1585375841.3514,6147.5,0.923,Sell
1585375845.354,6146.0,0.689,Sell
1585375855.2221,6145.0,0.1,Buy
1585375871.9547,6140.5,5.663,Sell
1585375875.5963,6142.5,3.014,Buy
1585375875.5963,6143.0,2.849,Buy
1585375875.5963,6143.0,1.644,Buy
1585375875.5963,6143.0,2.49,Buy
1585375875.5963,6143.5,0.003,Buy
1585375899.8363,6140.0,0.056,Sell
1585375919.3517,6140.0,1.382,Sell
1585375985.3602,6139.5,0.268,Sell
1585375997.3165,6140.0,0.066,Buy
1585376049.3686,6145.5,2.993,Sell
1585376054.5108,6149.0,0.066,Buy
1585376067.3715,6143.0,0.579,Buy
1585376085.3733,6142.0,0.742,Sell
1585376103.3819,6143.0,0.848,Buy
1585376128.3836,6145.0,0.618,Buy
1585376132.7097,6146.5,0.551,Buy
1585376153.3863,6147.5,0.254,Sell
1585376203.3929,6145.5,0.593,Sell
1585376219.1678,6139.5,0.118,Sell
1585376221.1,6125.0,0.458,Sell
1585376221.1,6139.5,0.15,Sell
1585376221.1051,6125.0,1.57,Sell
1585376221.1117,6125.0,0.206,Sell
1585376221.1117,6124.5,0.094,Sell
1585376224.649,6124.0,0.2,Sell
1585376232.269,6124.5,0.118,Buy
1585376234.1486,6123.5,0.1,Sell
1585376235.3975,6122.0,0.071,Sell
1585376235.8082,6124.0,0.1,Buy
1585376251.3993,6123.0,0.446,Sell
1585376267.4076,6124.5,0.391,Sell
1585376279.4093,6126.0,1.669,Sell
1585376289.6756,6129.0,0.005,Sell
1585376291.4123,6131.0,0.455,Sell
1585376295.9343,6131.0,0.015,Sell
1585376301.0533,6128.5,1.0,Buy
1585376303.414,6128.5,0.699,Sell
1585376317.3496,6129.5,0.44,Sell
1585376318.3514,6129.5,0.046,Buy
1585376319.3541,6129.5,0.266,Buy
1585376320.3558,6129.0,0.352,Buy
1585376364.8448,6120.0,0.049,Sell
1585376377.3495,6121.0,0.106,Sell
1585376378.3514,6120.5,0.607,Sell
1585376379.3542,6121.5,0.608,Buy
1585376380.3559,6121.5,0.445,Buy
1585376410.6821,6122.0,0.1,Buy
1585376437.3498,6119.5,0.169,Sell
1585376450.3515,6119.0,4.296,Sell
1585376458.5733,6120.5,0.2,Buy
1585376463.3544,6120.5,0.326,Sell
1585376474.3081,6121.0,0.489,Buy
1585376489.9486,6122.0,0.491,Buy
1585376496.0487,6122.0,0.495,Buy
1585376496.1486,6122.0,0.1,Buy
1585376496.2487,6122.0,0.1,Buy
1585376496.3485,6122.0,0.474,Buy
1585376496.4486,6122.0,0.988,Buy
1585376496.5485,6122.0,0.352,Buy
1585376497.3497,6126.0,0.715,Buy
1585376517.3515,6125.5,0.501,Buy
1585376519.5191,6126.0,1.25,Buy
1585376572.1866,6125.0,0.046,Sell
1585376592.3642,6125.5,0.757,Buy
1585376617.3495,6126.0,0.744,Sell
1585376636.3511,6126.0,0.798,Sell
1585376644.8335,6125.5,0.034,Sell
1585376649.6588,6126.5,0.029,Buy
1585376651.2672,6126.5,0.66,Buy
1585376655.3539,6126.5,0.858,Buy
1585376674.3556,6125.5,0.352,Sell
1585376676.9206,6126.5,0.009,Buy
1585376705.75,6130.5,7.142,Sell
1585376705.75,6130.0,2.858,Sell
1585376723.3682,6131.0,0.005,Sell
1585376745.7486,6131.5,0.1,Buy
1585376753.3725,6131.5,0.665,Buy
1585376779.3743,6133.0,0.441,Sell
1585376831.3785,6131.5,0.736,Sell
1585376872.9487,6131.0,0.005,Sell
1585376872.9487,6131.0,0.442,Sell
1585376874.3321,6126.0,0.025,Sell
1585376884.2052,6126.0,0.2,Sell
1585376921.9486,6126.0,0.775,Sell
1585376925.3953,6122.5,0.716,Buy
1585376926.3971,6122.5,0.969,Buy
1585376927.3999,6122.5,0.038,Sell
1585376977.3496,6127.5,0.969,Sell
1585376980.3513,6126.5,0.104,Sell
1585377037.3496,6123.5,0.354,Sell
1585377041.3542,6126.0,0.304,Sell
1585377051.0518,6128.5,0.5,Buy
1585377097.3496,6127.5,0.697,Sell
1585377111.6278,6128.0,0.01,Buy
1585377113.3542,6127.5,3.901,Sell
1585377157.3499,6129.0,0.5,Sell
1585377159.3044,6131.0,0.098,Buy
1585377159.3044,6131.0,4.833,Buy
1585377159.3044,6131.0,4.369,Buy
1585377159.3044,6131.5,0.7,Buy
1585377161.3517,6130.5,0.21,Buy
1585377169.5296,6131.5,6.529,Buy
1585377169.5296,6132.0,2.31,Buy
1585377169.5296,6132.0,1.161,Buy
1585377209.5694,6139.0,0.001,Buy
1585377234.3514,6137.5,0.749,Sell
1585377285.3639,6137.5,0.328,Buy
1585377286.3657,6137.5,3.03,Buy
1585377302.6795,6137.5,0.2,Buy
1585377337.3497,6137.5,0.114,Buy
1585377344.3515,6137.5,0.268,Sell
1585377371.2991,6137.5,0.154,Buy
1585377376.3486,6137.0,0.006,Sell
1585377376.3486,6137.0,0.473,Sell
1585377401.1487,6137.0,0.861,Sell
1585377401.2487,6137.0,0.1,Sell
1585377401.3486,6137.0,0.855,Sell
1585377500.2448,6141.0,0.02,Buy
1585377500.3026,6141.0,0.034,Buy
1585377509.3581,6138.5,0.538,Sell
1585377539.3636,6138.5,0.286,Sell
1585377579.3711,6139.5,1.565,Sell
1585377579.3711,6139.5,3.148,Sell
1585377586.5485,6140.0,0.005,Buy
1585377589.3782,6147.0,0.297,Sell
1585377590.716,6150.0,0.1,Buy
1585377615.3848,6148.0,0.427,Sell
1585377616.3866,6148.0,0.38,Sell
1585377617.3894,6148.0,1.891,Sell
1585377634.0416,6145.5,0.2,Sell
1585377637.3496,6146.0,0.577,Sell
1585377649.3513,6146.0,0.522,Buy
1585377661.3541,6145.0,0.163,Sell
1585377683.6167,6146.5,0.005,Buy
1585377684.671,6144.0,0.005,Sell
1585377697.3496,6146.0,0.425,Sell
1585377710.3515,6145.5,0.203,Buy
1585377723.3544,6144.5,0.333,Sell
1585377752.2881,6139.5,0.009,Sell
1585377757.35,6140.0,0.448,Sell
1585377759.0274,6139.5,0.002,Sell
1585377762.3518,6139.5,0.614,Sell
1585377767.3547,6140.5,0.219,Sell
1585377776.0077,6141.0,0.173,Buy
1585377846.3518,6147.5,0.343,Sell
1585377875.3544,6148.0,0.756,Sell
1585377903.2861,6148.5,0.005,Buy
1585377903.2861,6149.5,0.995,Buy
1585377904.3563,6148.5,0.319,Sell
1585377906.3673,6149.0,0.2,Buy
1585377913.6586,6149.0,0.115,Buy
1585377933.3637,6150.5,0.091,Sell
1585377938.3655,6151.0,0.405,Sell
1585377943.3684,6151.5,0.653,Buy
1585377944.3775,6152.0,0.034,Buy
1585377945.7305,6152.0,0.128,Buy
1585377948.3701,6151.5,0.239,Sell
1585377953.3729,6152.5,0.014,Sell
1585377957.3747,6154.0,0.012,Sell
1585377961.3773,6154.0,0.396,Sell
1585377997.3496,6165.0,0.962,Sell
1585377997.3548,6164.0,0.005,Sell
1585378021.3514,6164.0,0.119,Buy
1585378056.2979,6162.0,0.015,Buy
1585378056.3031,6161.0,0.005,Sell
1585378093.3587,6158.5,0.987,Buy
1585378111.3604,6162.0,0.474,Sell
1585378115.3845,6165.0,0.2,Sell
1585378129.3633,6162.5,0.917,Sell
1585378132.9162,6161.5,0.383,Sell
1585378147.3651,6158.0,0.123,Sell
1585378165.3725,6157.5,0.842,Sell
1585378171.2397,6158.0,2.65,Sell
1585378194.3743,6157.5,0.875,Buy
1585378213.5306,6163.0,0.015,Buy
1585378252.3791,6166.0,0.437,Sell
1585378281.3862,6163.5,0.897,Sell
1585378300.3881,6167.0,0.891,Buy
1585378314.4243,6165.5,0.041,Buy
1585378319.3908,6163.0,0.27,Sell
1585378331.5677,6158.0,0.751,Sell
1585378357.4005,6154.0,0.454,Sell
1585378379.4022,6153.5,0.464,Buy
1585378401.4053,6153.0,0.803,Sell
1585378415.2437,6155.0,0.005,Buy
1585378445.4203,6159.5,0.957,Sell
1585378493.427,6159.0,2.186,Sell
1585378517.4287,6159.0,0.969,Sell
1585378543.4418,6153.5,0.762,Sell
1585378544.4437,6153.5,0.18,Sell
1585378597.3496,6152.5,1.178,Sell
1585378607.3513,6153.0,0.424,Sell
1585378617.3539,6153.0,0.308,Sell
1585378637.0267,6153.0,0.037,Sell
1585378657.3505,6152.5,0.744,Buy
1585378681.355,6152.5,0.277,Buy
1585378717.3496,6154.5,0.285,Buy
1585378739.3542,6154.5,1.192,Sell
1585378750.3559,6154.0,0.969,Sell
1585378778.3515,6155.5,2.164,Sell
1585378779.3543,6155.5,0.458,Sell
1585378780.3561,6157.0,0.839,Buy
1585378810.3315,6167.5,1.0,Buy
1585378837.3496,6163.0,0.79,Sell
1585378838.1508,6163.5,0.037,Buy
1585378846.6485,6170.0,0.011,Buy
1585378846.6536,6174.5,0.2,Buy
1585378858.5495,6179.0,0.1,Buy
1585378858.6515,6182.0,2.024,Buy
1585378858.6515,6181.5,5.908,Buy
1585378858.6515,6180.0,0.671,Buy
1585378858.6515,6182.0,1.397,Buy
1585378858.6633,6177.0,6.358,Sell
1585378858.6633,6176.5,3.642,Sell
1585378866.3513,6179.5,0.662,Buy
1585378895.3541,6170.5,0.214,Sell
1585378924.3558,6172.0,0.434,Buy
1585378953.3596,6173.5,0.606,Buy
1585378981.3614,6173.5,0.105,Sell
1585379035.4488,6169.5,0.1,Buy
1585379037.366,6171.5,0.741,Buy
1585379058.6322,6171.0,0.14,Sell
1585379065.3697,6171.0,3.526,Buy
1585379066.9806,6170.0,0.14,Sell
1585379089.3713,6170.0,0.641,Sell
1585379098.86,6170.5,0.021,Buy
1585379108.8544,6168.5,8.275,Sell
1585379108.8544,6168.0,5.582,Sell
1585379108.8544,6168.0,1.143,Sell
1585379113.3741,6168.5,0.473,Sell
1585379177.3831,6166.0,2.786,Sell
1585379185.3848,6168.0,0.356,Buy
1585379186.2517,6167.5,0.66,Sell
1585379197.3496,6167.5,0.774,Sell
1585379218.4619,6168.0,0.356,Buy
1585379235.4942,6168.5,0.11,Buy
1585379246.0388,6168.0,1.384,Buy
1585379257.3495,6166.0,0.063,Sell
1585379279.3512,6166.0,0.741,Sell
1585379287.0486,6169.5,0.086,Buy
1585379300.0068,6173.0,0.029,Sell
1585379300.8398,6173.5,0.049,Buy
1585379301.354,6173.0,0.306,Sell
1585379345.3586,6173.5,0.944,Sell
1585379351.569,6173.5,0.11,Sell
1585379370.3605,6173.5,0.838,Sell
1585379395.3633,6169.5,0.915,Sell
1585379445.3689,6178.5,0.02,Sell
1585379455.3736,6177.5,0.541,Sell
1585379460.3754,6176.5,0.256,Sell
1585379497.3502,6176.0,0.479,Buy
1585379511.3521,6177.0,0.228,Sell
1585379525.355,6176.5,0.319,Sell
1585379539.3568,6176.5,0.359,Sell
1585379539.3568,6176.5,0.082,Sell
1585379557.3497,6173.5,0.294,Sell
1585379569.3514,6172.0,0.777,Sell
1585379581.3541,6172.0,0.604,Buy
1585379617.3496,6171.5,0.309,Buy
1585379619.3513,6171.5,0.311,Sell
1585379620.1199,6171.5,1.0,Sell
1585379621.3541,6171.5,0.458,Sell
1585379625.3596,6172.0,0.936,Sell
1585379634.3511,6172.0,0.1,Sell
1585379639.3614,6172.5,0.508,Buy
1585379661.5277,6172.0,0.335,Sell
1585379661.5277,6172.0,0.021,Sell
1585379724.9104,6169.0,0.005,Sell
1585379727.354,6169.0,0.678,Sell
1585379741.6859,6168.0,0.016,Sell
1585379777.3585,6166.0,0.439,Sell
1585379819.365,6168.0,0.588,Buy
1585379876.3724,6166.5,0.501,Buy
1585379891.3752,6165.0,0.622,Sell
1585379906.3771,6165.5,0.421,Sell
1585379921.3855,6167.5,0.846,Buy
1585379943.3874,6167.0,0.523,Buy
1585379987.3921,6167.5,0.348,Sell
1585379989.5759,6168.0,0.01,Sell
1585379999.4485,6167.5,0.051,Sell
1585380009.395,6165.0,3.406,Sell
1585380030.3967,6165.5,0.896,Buy
1585380051.3998,6165.5,0.332,Buy
1585380053.8671,6165.0,0.184,Sell
1585380079.0371,6164.0,0.1,Sell
1585380079.0371,6162.0,0.022,Sell
1585380093.4044,6163.0,0.768,Sell
1585380116.4063,6163.5,0.148,Buy
1585380139.4091,6163.5,0.924,Sell
1585380169.5486,6165.5,0.082,Buy
1585380185.4218,6170.0,0.632,Buy
1585380188.3041,6170.0,0.059,Buy
1585380211.0682,6175.0,0.49,Buy
1585380211.0682,6172.5,0.01,Buy
1585380211.4441,6175.0,0.5,Buy
1585380229.4266,6174.5,0.977,Sell
1585380269.2984,6173.5,0.5,Sell
1585380273.4353,6173.5,0.794,Sell
1585380285.437,6174.0,3.196,Sell
1585380287.2753,6174.5,0.001,Buy
1585380290.6811,6173.5,0.001,Sell
1585380297.4399,6174.5,0.945,Buy
1585380309.4417,6174.0,0.788,Sell
1585380321.4469,6174.5,0.321,Sell
1585380323.7409,6175.5,0.124,Buy
1585380331.4486,6175.0,0.607,Sell
1585380341.4513,6176.5,1.101,Sell
1585380351.4531,6178.0,0.463,Sell
1585380353.2487,6179.0,0.25,Buy
1585380358.3653,6185.0,0.001,Buy
1585380361.4558,6183.0,0.408,Sell
1585380366.4575,6185.0,0.043,Buy
1585380371.4604,6183.0,0.763,Sell
1585380395.3698,6178.5,0.082,Sell
1585380395.3698,6177.5,0.101,Sell
1585380397.3496,6178.5,0.157,Sell
1585380404.3514,6179.5,0.136,Sell
1585380411.3542,6180.0,3.3,Sell
1585380418.3559,6179.5,0.333,Buy
1585380449.721,6184.0,2.356,Buy
1585380449.721,6183.0,0.082,Buy
1585380481.3541,6181.0,0.533,Sell
1585380493.3559,6180.5,0.933,Sell
1585380500.6727,6181.0,0.06,Sell
1585380505.3609,6180.0,0.364,Sell
1585380506.3399,6180.5,0.133,Buy
1585380532.3627,6178.5,0.285,Sell
1585380588.3694,6178.5,0.225,Sell
1585380588.3694,6178.5,0.264,Sell
1585380588.3694,6178.5,0.285,Sell
1585380617.3723,6177.5,0.01,Sell
1585380646.3741,6173.0,0.577,Buy
1585380657.0664,6172.0,0.001,Sell
1585380675.381,6171.5,0.382,Buy
1585380682.3827,6171.5,0.755,Sell
1585380689.3859,6171.5,0.608,Sell
1585380691.2234,6171.0,0.264,Sell
1585380699.4164,6171.0,0.15,Buy
1585380703.5466,6170.0,2.715,Sell
1585380705.5512,6170.5,0.358,Buy
1585380729.9867,6172.0,1.831,Buy
1585380757.3496,6171.0,2.703,Buy
1585380783.3513,6171.5,0.053,Sell
1585380861.3584,6168.0,0.385,Sell
1585380867.3601,6167.0,0.281,Sell
1585380919.3737,6167.5,0.846,Sell
1585380939.8487,6168.0,0.082,Buy
1585380940.8428,6172.5,1.099,Buy
1585380952.6701,6174.0,1.0,Sell
1585380953.3825,6174.5,0.983,Buy
1585380963.3842,6171.5,0.527,Buy
1585380983.3887,6171.5,0.741,Buy
1585380997.3497,6171.5,0.177,Buy
1585380999.3513,6172.0,0.701,Sell
1585381001.354,6171.5,0.908,Sell
1585381063.3515,6171.5,0.975,Buy
1585381069.3543,6174.0,0.193,Buy
1585381075.356,6173.5,0.03,Sell
1585381081.3598,6174.0,0.493,Sell
1585381106.3614,6172.0,0.001,Sell
1585381131.3664,6173.5,0.008,Sell
1585381137.3724,6174.5,0.303,Sell
1585381181.3513,6173.5,0.939,Sell
1585381184.5828,6173.5,0.126,Sell
1585381189.3558,6173.0,0.589,Buy
1585381201.3859,6173.0,0.06,Sell
1585381212.2482,6171.0,0.004,Sell
1585381237.3503,6171.0,4.3,Sell
1585381261.3521,6171.5,0.218,Sell
1585381279.8489,6172.5,0.001,Buy
1585381288.8549,6172.5,0.218,Buy
1585381343.3648,6175.5,0.748,Sell
1585381348.3665,6175.5,0.379,Sell
1585381357.3496,6175.5,0.353,Sell
1585381367.3514,6175.5,0.993,Sell
1585381376.4495,6175.0,1.831,Sell
1585381377.3542,6175.5,0.762,Sell
1585381387.356,6175.5,0.684,Sell
1585381417.3496,6175.5,0.619,Sell
1585381421.3514,6175.5,0.492,Sell
1585381428.492,6176.0,0.05,Buy
1585381429.3559,6175.5,0.566,Sell
1585381453.4487,6176.0,0.066,Buy
1585381477.3495,6178.0,0.527,Sell
1585381504.3512,6178.0,0.903,Sell
1585381531.3541,6179.5,0.057,Buy
1585381558.3558,6179.5,0.082,Sell
1585381558.3558,6179.5,0.156,Sell
1585381591.9486,6180.0,0.84,Buy
1585381592.0486,6180.0,0.1,Buy
1585381592.0486,6180.0,0.16,Buy
1585381598.3646,6180.5,2.609,Sell
1585381598.3646,6180.5,1.055,Sell
1585381609.0662,6180.5,5.368,Sell
1585381612.5138,6181.0,0.045,Buy
1585381624.3691,6181.5,0.504,Sell
1585381637.3718,6181.5,4.676,Buy
1585381658.2688,6180.5,0.082,Buy
1585381658.2688,6181.0,0.172,Buy
1585381682.8417,6180.0,0.045,Sell
1585381691.3763,6180.5,0.654,Sell
1585381851.2487,6180.5,0.1,Buy
1585381851.2487,6180.5,0.014,Buy
1585381851.2487,6180.5,0.5,Buy
1585381857.3907,6181.5,0.082,Sell
1585381857.3907,6181.5,0.571,Sell
1585381905.4032,6181.5,0.082,Sell
1585381905.4032,6181.5,0.411,Sell
1585381910.405,6181.5,0.3,Sell
1585381910.405,6181.5,0.185,Sell
1585381915.4161,6181.5,0.085,Sell
1585381920.4179,6181.5,0.33,Sell
1585381933.0489,6182.0,0.082,Buy
1585381933.0489,6182.0,0.051,Buy
1585381933.1486,6182.0,0.082,Buy
1585381939.1051,6187.0,0.014,Buy
1585381974.3513,6186.5,0.908,Buy
1585381991.3542,6186.5,0.549,Buy
1585382010.79,6186.5,0.014,Sell
1585382032.3664,6186.5,0.068,Sell
1585382032.3664,6186.5,0.259,Sell
1585382053.0006,6188.5,0.059,Buy
1585382053.0006,6189.0,0.041,Buy
1585382077.3496,6185.0,3.779,Sell
1585382084.8797,6185.0,0.171,Buy
1585382101.3513,6182.5,0.77,Buy
1585382107.1933,6181.0,0.2,Buy
1585382117.0487,6180.5,0.082,Sell
1585382122.5485,6180.0,0.276,Sell
1585382122.6484,6180.0,0.275,Sell
1585382122.7486,6180.0,0.404,Sell
1585382123.1913,6175.0,1.82,Sell
1585382123.1913,6174.5,0.18,Sell
1585382125.354,6175.0,4.931,Buy
1585382149.3556,6178.5,0.311,Sell
1585382173.3591,6181.0,0.735,Sell
1585382183.361,6180.5,0.779,Sell
1585382193.0044,6180.5,0.082,Sell
1585382193.2052,6180.5,0.082,Sell
1585382193.3605,6180.5,0.082,Sell
1585382193.3638,6180.5,0.712,Sell
1585382193.5341,6180.5,0.082,Sell
1585382203.3655,6180.5,0.116,Sell
1585382203.3655,6180.5,0.009,Sell
1585382213.3723,6180.5,0.142,Sell
1585382217.3768,6181.5,0.762,Sell
1585382219.3785,6181.0,0.22,Sell
1585382225.6425,6177.5,0.68,Sell
1585382285.8129,6180.0,1.0,Sell
1585382287.3539,6180.0,2.698,Sell
1585382302.3556,6178.5,0.361,Buy
1585382317.3637,6178.0,0.201,Sell
1585382336.384,6177.5,1.0,Buy
1585382341.8405,6176.5,1.935,Sell
1585382346.3655,6176.5,0.438,Sell
1585382375.3689,6176.5,0.676,Sell
1585382375.408,6177.5,0.213,Buy
1585382404.3706,6177.0,0.941,Sell
1585382405.4725,6179.0,0.12,Sell
1585382456.3798,6178.5,0.408,Sell
1585382479.3824,6175.0,0.985,Sell
1585382502.3842,6165.0,0.318,Sell
1585382525.3922,6162.0,0.88,Sell
1585382532.8562,6164.0,0.931,Buy
1585382532.9486,6164.0,0.368,Buy
1585382533.0486,6164.0,0.196,Buy
1585382536.1056,6167.5,0.68,Buy
1585382546.9952,6164.0,0.2,Sell
1585382548.394,6164.5,4.383,Buy
1585382565.7199,6164.0,0.3,Sell
1585382571.3964,6164.0,0.172,Sell
1585382580.5317,6163.5,0.254,Sell
1585382594.3982,6168.5,0.151,Sell
1585382617.4008,6166.5,0.082,Sell
1585382617.4008,6166.5,0.493,Sell
1585382624.1215,6166.0,0.034,Sell
1585382630.4027,6167.5,0.559,Sell
1585382643.4055,6167.5,3.05,Buy
1585382656.4073,6170.0,0.614,Sell
1585382663.0823,6170.0,0.124,Sell
1585382677.3497,6171.0,0.309,Sell
1585382682.5896,6170.0,0.055,Sell
1585382687.8313,6169.5,0.055,Sell
1585382695.3514,6168.5,0.821,Buy
1585382707.6929,6168.5,0.372,Sell
1585382731.3559,6168.5,0.38,Sell
1585382749.3631,6169.0,0.678,Sell
1585382772.3648,6169.0,1.625,Sell
1585382795.3675,6169.0,0.07,Sell
1585382831.8291,6166.5,2.158,Buy
1585382831.8291,6167.0,3.721,Buy
1585382831.8291,6167.0,0.451,Buy
1585382841.373,6166.5,0.334,Sell
1585382866.3748,6167.0,0.572,Sell
1585382884.3366,6167.0,0.2,Sell
1585382891.3776,6165.5,0.541,Sell
1585382916.3793,6166.0,0.116,Sell
1585382930.2702,6165.0,0.3,Sell
1585382941.382,6165.0,0.588,Sell
1585382941.7431,6165.0,1.181,Sell
1585382941.7431,6164.5,0.119,Sell
1585382963.3838,6164.5,0.172,Buy
1585382970.2696,6164.5,0.23,Sell
1585382985.3866,6164.5,0.227,Sell
1585383005.4991,6168.5,0.001,Buy
1585383023.1814,6166.0,0.001,Sell
1585383029.3954,6168.0,2.15,Sell
1585383034.1696,6169.0,0.131,Sell
1585383043.3972,6168.5,0.103,Sell
1585383048.8486,6169.5,0.1,Buy
1585383054.0893,6175.0,0.131,Buy
1585383057.4,6174.5,0.147,Buy
1585383083.4486,6180.0,0.1,Buy
1585383083.9485,6185.0,0.005,Buy
1585383085.251,6190.0,0.45,Buy
1585383085.4057,6192.5,0.159,Sell
1585383085.4485,6193.0,0.01,Buy
1585383087.8487,6200.0,0.005,Buy
1585383087.8487,6200.0,0.016,Buy
1585383087.8487,6200.0,0.4,Buy
1585383087.8539,6213.5,0.23,Buy
1585383087.854,6199.0,0.15,Sell
1585383087.854,6199.0,1.0,Sell
1585383087.8541,6213.5,0.141,Buy
1585383087.8599,6213.5,5.67,Buy
1585383087.8599,6215.0,0.215,Buy
1585383087.8599,6214.0,2.468,Buy
1585383087.8599,6214.5,3.568,Buy
1585383087.8599,6214.5,0.788,Buy
1585383087.8599,6214.5,1.51,Buy
1585383087.8599,6215.0,1.29,Buy
1585383087.86,6215.0,0.007,Buy
1585383087.86,6215.0,0.182,Buy
1585383087.8656,6215.0,0.015,Buy
1585383087.8659,6215.0,0.671,Buy
1585383095.5485,6220.0,0.102,Buy
1585383095.5485,6220.0,0.1,Buy
1585383095.5485,6220.0,0.3,Buy
1585383095.554,6223.0,0.01,Buy
1585383095.554,6220.0,0.2,Buy
1585383095.554,6224.5,0.942,Buy
1585383095.554,6220.0,0.348,Buy
1585383095.5603,6225.0,6.094,Buy
1585383095.5603,6225.5,1.648,Buy
1585383095.5603,6225.5,2.461,Buy
1585383095.5603,6224.5,4.797,Buy
1585383096.4245,6223.5,0.009,Buy
1585383097.8803,6230.0,0.005,Buy
1585383097.8803,6231.0,2.995,Buy
1585383100.3485,6232.0,0.005,Buy
1585383100.3538,6237.0,0.005,Buy
1585383100.3538,6235.0,0.005,Buy
1585383100.3604,6237.0,0.014,Buy
1585383100.4073,6233.0,0.196,Sell
1585383104.5485,6238.0,0.005,Buy
1585383104.6484,6239.0,0.019,Buy
1585383104.6911,6238.5,1.0,Sell
1585383104.7486,6240.0,0.035,Buy
1585383104.7486,6240.0,0.1,Buy
1585383104.7537,6245.5,0.362,Buy
1585383104.7537,6243.0,0.01,Buy
1585383105.3357,6248.0,0.033,Buy
1585383105.3357,6249.0,0.127,Buy
1585383106.0467,6246.5,0.032,Buy
1585383106.3379,6250.0,0.037,Buy
1585383115.4101,6221.5,3.481,Sell
1585383118.3859,6226.5,0.007,Sell
1585383119.8529,6228.0,0.182,Buy
1585383129.7376,6237.0,0.03,Buy
1585383139.7974,6222.5,2.235,Buy
1585383139.7974,6223.0,2.67,Buy
1585383139.7974,6223.0,1.533,Buy
1585383139.7974,6223.5,1.257,Buy
1585383139.7974,6225.0,1.04,Buy
1585383139.7974,6225.5,1.129,Buy
1585383139.7974,6226.5,1.8,Buy
1585383139.7974,6227.0,2.899,Buy
1585383139.7974,6222.0,2.13,Buy
1585383139.7974,6224.5,2.331,Buy
1585383139.7974,6224.0,3.684,Buy
1585383142.6404,6221.0,4.53,Sell
1585383145.4145,6219.5,3.184,Sell
1585383150.8077,6214.5,0.59,Sell
1585383153.4162,6220.5,0.929,Sell
1585383155.3487,6223.0,0.082,Buy
1585383161.2335,6225.0,0.077,Buy
1585383161.4191,6224.0,0.795,Buy
1585383171.7555,6232.0,0.133,Sell
1585383177.4245,6229.5,0.931,Buy
1585383185.4262,6232.5,3.135,Sell
1585383190.8706,6230.5,0.4,Buy
1585383193.4291,6227.5,0.495,Sell
1585383194.2376,6226.0,0.003,Sell
1585383211.0225,6225.0,0.082,Sell
1585383211.0225,6224.0,0.418,Sell
1585383217.3496,6224.5,2.711,Buy
1585383224.3485,6225.5,0.1,Buy
1585383233.3514,6225.5,0.092,Buy
1585383247.2337,6229.0,0.002,Sell
1585383249.3542,6228.5,0.701,Sell
1585383253.5485,6229.5,0.1,Buy
1585383253.6485,6230.0,0.435,Buy
1585383265.3559,6238.0,4.284,Sell
1585383281.3585,6237.5,0.986,Sell
1585383287.5048,6238.5,6.33,Sell
1585383293.0885,6238.5,1.0,Sell
1585383295.3629,6239.0,0.457,Buy
1585383295.7221,6238.5,0.001,Sell
1585383298.2509,6240.0,0.1,Buy
1585383304.6485,6250.0,0.108,Buy
1585383304.7486,6250.0,0.1,Buy
1585383304.8486,6250.0,0.002,Buy
1585383304.8486,6250.0,0.2,Buy
1585383304.8486,6250.0,0.059,Buy
1585383305.4486,6255.5,0.086,Buy
1585383305.4536,6260.0,0.111,Buy
1585383305.4541,6260.0,4.53,Buy
1585383306.1691,6262.5,1.0,Buy
1585383311.7487,6259.5,0.08,Sell
1585383311.994,6257.0,1.0,Buy
1585383312.7973,6258.0,0.2,Buy
1585383315.3388,6261.5,0.065,Buy
1585383317.4351,6257.5,1.94,Buy
1585383318.4364,6257.0,0.002,Sell
1585383326.4486,6253.5,0.08,Buy
1585383329.0651,6255.5,0.1,Buy
1585383329.0651,6255.5,0.9,Buy
1585383337.3496,6253.0,0.373,Sell
1585383339.7637,6244.5,1.0,Sell
1585383343.2242,6244.0,0.183,Sell
1585383345.3513,6244.0,0.071,Sell
1585383347.8487,6243.0,0.082,Sell
1585383353.3541,6239.0,0.594,Buy
1585383353.736,6239.0,0.38,Sell
1585383361.3558,6238.5,0.183,Sell
1585383368.6702,6238.5,0.4,Sell
1585383373.9675,6238.5,1.0,Sell
1585383397.3503,6233.5,0.382,Sell
1585383401.3586,6233.0,2.0,Sell
1585383402.6041,6234.0,0.065,Sell
1585383408.2179,6233.0,0.014,Sell
1585383413.9906,6231.5,0.053,Sell
1585383421.352,6229.5,0.841,Sell
1585383422.8524,6229.0,1.0,Sell
1585383427.5954,6228.5,0.182,Sell
1585383442.8716,6234.5,1.584,Sell
1585383445.3549,6233.0,1.705,Buy
1585383469.3566,6232.0,0.577,Buy
1585383493.3636,6237.5,0.938,Sell
1585383494.6613,6238.5,2.0,Buy
1585383494.6645,6238.5,2.0,Buy
1585383507.819,6238.0,0.192,Buy
1585383512.3654,6236.5,1.679,Sell
1585383527.6485,6230.0,0.082,Buy
1585383531.3681,6234.5,0.378,Buy
1585383550.3698,6226.5,0.031,Buy
1585383595.3743,6230.0,0.429,Buy
1585383621.3771,6225.5,0.776,Sell
1585383637.2751,6226.0,0.5,Sell
1585383647.3789,6226.5,0.517,Buy
1585383673.3869,6229.5,0.187,Sell
1585383685.3886,6232.5,0.223,Buy
1585383697.3913,6230.0,0.509,Buy
1585383709.393,6231.5,0.899,Buy
1585383721.3956,6231.5,0.699,Buy
1585383723.1498,6231.0,0.006,Sell
1585383740.3973,6229.5,0.771,Buy
1585383745.8906,6231.0,0.693,Buy
1585383754.3631,6228.0,0.003,Sell
1585383759.4001,6228.5,0.757,Sell
1585383762.9573,6228.0,0.125,Sell
1585383778.4018,6229.5,0.239,Sell
1585383818.4104,6229.5,4.686,Buy
1585383820.78,6229.0,0.03,Sell
1585383825.9487,6230.0,0.2,Buy
1585383836.2436,6234.5,0.082,Buy
1585383836.2436,6236.0,0.062,Buy
1585383839.4132,6236.5,1.154,Sell
1585383878.7477,6239.0,0.146,Sell
1585383881.4177,6239.5,0.278,Buy
1585383888.4194,6239.0,0.199,Sell
1585383891.6456,6240.0,0.096,Buy
1585383891.6456,6240.0,0.05,Buy
1585383895.4222,6239.5,0.005,Sell
1585383915.4849,6239.0,0.05,Sell
1585383925.3977,6239.5,0.048,Sell
1585383937.3495,6239.0,0.224,Sell
1585383959.9482,6239.5,1.44,Sell
1585383981.3542,6230.5,0.551,Sell
1585383986.6485,6226.5,0.082,Sell
1585383987.3759,6221.0,3.5,Sell
1585383987.3759,6222.0,0.5,Sell
1585384012.7484,6221.5,0.05,Sell
1585384025.3631,6222.0,0.094,Buy
1585384026.3649,6222.5,4.255,Sell
1585384027.3711,6223.0,0.318,Buy
1585384028.3728,6225.5,0.32,Buy
1585384028.483,6227.0,1.0,Buy
1585384033.0562,6228.5,0.2,Sell
1585384036.2486,6236.0,0.082,Buy
1585384046.7157,6229.0,0.5,Sell
1585384057.3496,6232.5,0.282,Buy
1585384074.3513,6233.0,0.962,Buy
1585384076.4771,6231.5,2.0,Sell
1585384091.3539,6232.5,0.828,Sell
1585384125.3582,6231.5,0.245,Buy
1585384132.36,6231.5,0.075,Buy
1585384146.3645,6231.5,0.807,Sell
1585384177.3496,6231.5,0.844,Sell
1585384185.638,6231.5,0.02,Sell
1585384196.3513,6231.5,0.368,Sell
1585384201.6279,6229.5,2.794,Sell
1585384215.3541,6228.5,0.252,Buy
1585384223.6027,6225.5,0.02,Buy
1585384233.579,6222.0,0.03,Sell
1585384234.3558,6222.5,0.35,Buy
1585384245.5451,6221.0,0.166,Sell
1585384251.9945,6221.0,1.0,Sell
1585384253.3607,6221.5,0.203,Buy
1585384282.3624,6226.5,0.628,Sell
1585384289.5703,6226.5,0.097,Sell
1585384289.5703,6226.5,0.628,Sell
1585384292.9486,6227.0,0.082,Buy
1585384334.5486,6227.0,0.256,Sell
1585384334.6485,6227.0,0.496,Sell
1585384334.7485,6227.0,0.248,Sell
1585384339.3713,6223.0,0.616,Buy
1585384340.8764,6222.0,1.532,Sell
1585384367.3756,6223.0,0.93,Sell
1585384370.1817,6223.0,0.15,Sell
1585384373.3773,6223.0,0.221,Sell
1585384375.2861,6223.0,0.028,Sell
1585384379.38,6225.0,0.698,Sell
1585384385.3817,6224.5,0.7,Sell
1585384447.3542,6222.5,2.698,Sell
1585384447.3542,6222.5,0.082,Sell
1585384462.356,6227.0,0.464,Buy
1585384477.3639,6227.0,0.064,Buy
1585384490.2681,6229.0,0.5,Buy
1585384498.3656,6228.5,0.269,Sell
1585384505.3071,6230.0,0.664,Buy
1585384505.3071,6230.0,0.227,Buy
1585384519.3684,6229.5,0.614,Sell
1585384540.3701,6230.5,0.371,Sell
1585384561.3729,6232.0,0.976,Sell
1585384581.7487,6232.5,0.05,Buy
1585384582.2486,6233.0,0.03,Buy
1585384585.3747,6237.5,0.901,Sell
1585384609.3774,6237.5,0.828,Sell
1585384610.9487,6238.0,0.5,Buy
1585384633.3792,6240.0,0.565,Sell
1585384657.3871,6238.0,0.726,Buy
1585384680.3889,6239.5,0.996,Sell
1585384703.3916,6238.0,0.248,Sell
1585384726.3934,6237.5,2.265,Sell
1585384749.3959,6236.5,0.392,Sell
1585384754.5645,6236.5,0.3,Sell
1585384758.9517,6236.5,0.004,Sell
1585384777.4014,6236.5,0.52,Sell
1585384791.4031,6237.5,0.834,Sell
1585384795.7815,6238.0,0.05,Buy
1585384812.5665,6243.5,0.082,Buy
1585384812.5665,6243.5,0.068,Buy
1585384814.6388,6244.5,0.066,Buy
1585384846.4434,6244.0,1.0,Sell
1585384869.4212,6243.5,0.572,Buy
1585384875.5485,6244.0,0.041,Buy
1585384875.6485,6244.5,0.034,Buy
1585384879.3867,6245.0,0.05,Buy
1585384889.4271,6247.5,0.518,Buy
1585384929.4315,6244.0,0.123,Buy
1585384989.4377,6242.0,0.146,Buy
1585385009.4415,6241.5,0.061,Sell
1585385016.4434,6246.0,0.428,Buy
1585385023.4463,6244.5,0.924,Sell
1585385030.448,6244.5,0.582,Buy
1585385037.4865,6243.5,0.71,Sell
1585385037.5041,6244.5,0.15,Buy
1585385039.0262,6246.5,0.001,Buy
1585385065.4883,6247.0,0.5,Buy
1585385078.3985,6247.0,0.2,Buy
1585385078.9534,6247.0,0.07,Buy
1585385093.491,6247.5,0.418,Sell
1585385149.501,6246.0,0.652,Sell
1585385163.5027,6241.5,3.85,Sell
1585385177.5057,6240.0,0.286,Buy
1585385179.7221,6241.0,0.05,Sell
1585385191.5074,6240.5,3.716,Buy
1585385197.5154,6237.5,1.198,Sell
1585385197.5154,6238.0,0.082,Sell
1585385205.51,6237.5,3.086,Sell
1585385217.2452,6233.0,0.07,Sell
1585385220.5117,6232.5,3.739,Sell
1585385235.5145,6233.5,4.564,Sell
1585385250.5163,6242.0,0.058,Buy
1585385253.3001,6241.0,0.108,Buy
1585385265.5217,6241.5,0.762,Sell
1585385273.5234,6240.0,0.011,Buy
1585385281.5264,6237.5,0.611,Buy
1585385289.5281,6237.5,0.949,Sell
1585385344.3513,6239.0,0.142,Sell
1585385353.0391,6240.5,0.56,Buy
1585385371.3542,6240.5,0.863,Sell
1585385425.3641,6246.5,0.838,Sell
1585385436.3658,6247.0,0.137,Sell
1585385442.688,6246.0,5.76,Sell
1585385447.3686,6246.5,0.099,Buy
1585385458.3702,6245.5,0.157,Buy
1585385475.3747,6246.5,0.344,Sell
1585385481.3774,6245.5,0.048,Sell
1585385487.3791,6245.5,0.816,Sell
1585385575.3558,6245.5,0.813,Sell
1585385584.0487,6246.0,0.077,Buy
1585385584.0487,6246.0,0.023,Buy
1585385584.1487,6246.0,0.766,Buy
1585385584.2486,6246.0,0.157,Buy
1585385593.6105,6247.5,0.032,Buy
1585385593.616,6247.5,0.05,Buy
1585385593.6485,6247.5,0.013,Buy
1585385593.744,6249.5,0.032,Buy
1585385593.7487,6249.5,0.118,Buy
1585385593.8486,6250.0,0.05,Buy
1585385593.854,6249.0,0.001,Sell
1585385593.9486,6251.0,0.438,Buy
1585385594.0487,6251.0,0.062,Buy
1585385601.3606,6254.0,0.054,Sell
1585385601.3656,6254.5,0.3,Buy
1585385629.2244,6240.5,0.03,Buy
1585385630.8153,6237.0,0.178,Sell
1585385630.8153,6240.0,0.266,Sell
1585385659.3672,6231.0,0.363,Sell
1585385666.8826,6228.5,1.0,Buy
1585385687.3689,6228.0,0.062,Sell
1585385690.6932,6228.0,0.5,Sell
1585385711.565,6232.0,0.068,Sell
1585385712.2656,6234.5,0.281,Buy
1585385715.3717,6233.0,2.711,Buy
1585385730.8248,6233.5,0.186,Buy
1585385743.3734,6231.0,0.511,Sell
1585385771.3769,6234.0,0.065,Sell
1585385781.3787,6234.5,0.223,Buy
1585385781.8486,6235.0,0.032,Buy
1585385796.9168,6239.5,0.186,Buy
1585385811.3856,6239.0,0.815,Sell
1585385817.4305,6236.5,0.281,Sell
1585385833.3874,6236.5,0.413,Sell
1585385839.2486,6237.0,0.082,Buy
1585385849.7413,6250.0,0.186,Buy
1585385855.3903,6247.0,0.31,Buy
1585385878.025,6241.5,0.082,Sell
1585385878.025,6241.5,3.26,Sell
1585385899.399,6249.0,0.162,Sell
1585385900.4007,6250.0,0.976,Buy
1585385901.4034,6250.5,0.297,Sell
1585385917.3496,6247.5,1.708,Buy
1585385934.3514,6249.5,0.335,Sell
1585385956.8054,6248.5,1.28,Buy
1585385975.4316,6246.0,0.24,Buy
1585385975.4316,6245.5,0.011,Buy
1585385985.3628,6249.5,0.333,Sell
1585385995.3645,6249.5,0.943,Sell
1585385998.7256,6250.0,0.068,Buy
1585386005.3684,6249.5,0.91,Sell
1585386015.3701,6248.5,0.358,Sell
1585386044.5807,6249.0,1.328,Sell
1585386048.3486,6250.0,0.509,Buy
1585386048.4486,6250.0,0.423,Buy
1585386049.8953,6254.0,1.328,Buy
1585386063.3513,6254.0,0.864,Buy
1585386095.9332,6247.0,1.21,Sell
1585386100.9235,6248.5,1.21,Buy
1585386115.3558,6251.5,0.205,Sell
1585386117.9408,6250.0,0.194,Sell
1585386117.9408,6250.5,3.733,Sell
1585386117.9408,6251.0,2.039,Sell
1585386141.3629,6248.0,0.139,Buy
1585386168.3647,6245.5,0.909,Buy
1585386211.283,6247.5,0.029,Sell
1585386222.3692,6248.5,0.391,Sell
1585386240.1764,6250.0,0.251,Buy
1585386244.6933,6250.0,0.021,Sell
1585386249.3718,6250.5,0.645,Sell
1585386293.8693,6250.0,0.082,Sell
1585386293.999,6250.0,0.082,Sell
1585386294.4035,6250.0,0.082,Sell
1585386294.9866,6250.0,0.082,Sell
1585386295.0294,6250.0,0.056,Sell
1585386303.1939,6250.0,0.026,Buy
1585386303.1939,6250.0,0.056,Buy
1585386303.622,6250.0,0.082,Buy
1585386303.6775,6250.0,0.082,Buy
1585386304.084,6250.0,0.082,Buy
1585386304.2514,6250.0,0.082,Buy
1585386312.378,6249.0,0.428,Sell
1585386344.3834,6249.5,0.082,Sell
1585386344.3834,6249.5,2.844,Sell
1585386355.3862,6249.0,0.912,Buy
1585386358.4344,6249.0,0.002,Sell
1585386366.388,6250.5,0.479,Buy
1585386373.7187,6255.0,0.053,Buy
1585386377.3907,6254.5,0.494,Sell
1585386381.3924,6254.5,0.19,Sell
1585386397.3496,6254.5,0.68,Sell
1585386408.3513,6253.5,3.351,Sell
1585386426.7213,6255.0,0.03,Buy
1585386426.7213,6255.0,0.1,Buy
1585386426.7213,6259.0,0.1,Buy
1585386426.7213,6260.0,0.01,Buy
1585386426.7213,6261.0,0.25,Buy
1585386426.7213,6255.0,0.01,Buy
1585386428.7199,6270.0,0.045,Buy
1585386428.7207,6270.0,0.018,Buy
1585386428.7207,6270.0,0.082,Buy
1585386428.7268,6270.0,0.11,Buy
1585386428.7269,6270.0,1.44,Buy
1585386428.7283,6270.0,2.332,Buy
1585386428.7283,6270.0,1.87,Buy
1585386428.7283,6270.5,1.97,Buy
1585386428.7283,6270.5,2.043,Buy
1585386428.7289,6270.5,0.712,Buy
1585386428.7289,6270.5,1.634,Buy
1585386430.3561,6275.5,0.585,Buy
1585386430.7271,6277.5,2.0,Buy
1585386431.715,6279.0,0.014,Buy
1585386431.7203,6278.0,0.1,Sell
1585386432.5872,6279.0,0.011,Buy
1585386432.5872,6279.5,0.054,Buy
1585386463.762,6278.0,0.1,Buy
1585386483.3514,6269.5,0.794,Sell
1585386498.6766,6271.5,0.031,Sell
1585386500.5898,6274.0,0.014,Sell
1585386518.655,6271.0,0.2,Sell
1585386561.3627,6269.0,0.895,Buy
1585386568.4669,6268.0,0.558,Sell
1585386569.3645,6268.5,0.16,Sell
1585386577.3673,6268.5,0.26,Sell
1585386578.285,6270.5,0.025,Buy
1585386585.369,6269.0,0.73,Buy
1585386593.3717,6270.5,0.719,Sell
1585386605.3733,6273.0,0.524,Buy
1585386617.3762,6273.5,0.619,Sell
1585386629.3779,6275.5,0.728,Sell
1585386633.9167,6275.5,0.1,Sell
1585386641.3825,6275.5,0.243,Buy
1585386646.3526,6276.5,0.253,Buy
1585386648.4758,6275.5,0.026,Sell
1585386652.1999,6275.5,0.026,Sell
1585386658.2831,6275.5,0.032,Sell
1585386659.3888,6275.5,0.3,Sell
1585386669.4278,6274.0,1.326,Sell
1585386669.4278,6273.5,1.59,Sell
1585386669.4278,6273.5,1.174,Sell
1585386669.4278,6273.0,1.805,Sell
1585386669.4278,6274.0,2.325,Sell
1585386669.4278,6274.0,1.067,Sell
1585386669.4278,6274.5,2.063,Sell
1585386669.4278,6275.0,1.636,Sell
1585386669.4278,6275.5,3.705,Sell
1585386669.4278,6275.0,2.057,Sell
1585386669.4278,6273.0,0.848,Sell
1585386669.4278,6272.5,0.843,Sell
1585386669.4278,6272.5,0.41,Sell
1585386669.4278,6275.0,1.248,Sell
1585386669.4278,6273.0,0.611,Sell
1585386676.9077,6270.0,0.01,Buy
1585386696.4958,6268.0,2.2,Buy
1585386696.5068,6267.5,0.05,Sell
1585386701.152,6266.0,0.546,Sell
1585386711.3515,6264.0,0.89,Buy
1585386725.1182,6263.5,0.1,Sell
1585386725.3544,6264.0,0.251,Sell
1585386725.5298,6265.0,0.017,Buy
1585386725.7299,6265.5,0.017,Buy
1585386739.3561,6263.5,0.279,Sell
1585386748.2308,6264.5,0.1,Sell
1585386766.3617,6264.5,0.516,Sell
1585386779.3674,6264.5,0.516,Sell
1585386779.3674,6264.5,0.106,Sell
1585386798.3696,6266.5,0.333,Sell
1585386814.154,6267.0,0.1,Buy
1585386814.154,6267.0,0.266,Buy
1585386817.3725,6269.0,0.108,Sell
1585386836.3742,6269.5,0.449,Sell
1585386855.3813,6268.0,0.181,Sell
1585386888.173,6267.5,0.05,Sell
1585386911.3857,6268.0,1.584,Sell
1585386939.3875,6266.5,0.144,Sell
1585386967.3902,6262.0,0.939,Buy
1585386987.4116,6261.5,0.5,Sell
1585386998.2804,6263.0,0.017,Sell
1585386998.5425,6263.0,0.017,Sell
1585387019.3946,6262.0,0.5,Sell
1585387071.4034,6258.5,0.87,Sell
1585387086.4052,6258.5,0.684,Buy
1585387087.4238,6259.0,0.017,Buy
1585387101.408,6258.5,0.346,Sell
1585387116.4098,6259.5,0.905,Sell
1585387120.4094,6260.0,0.322,Buy
1585387120.4094,6260.0,0.178,Buy
1585387131.4136,6259.5,0.25,Sell
1585387159.4154,6259.5,0.324,Buy
1585387187.4183,6259.5,0.148,Sell
1585387203.7073,6260.5,0.1,Buy
1585387215.42,6259.0,0.042,Buy
1585387243.4239,6257.5,2.977,Sell
1585387243.4291,6257.5,0.253,Sell
1585387246.948,6257.5,1.01,Sell
1585387256.4256,6258.5,0.924,Buy
1585387269.4307,6257.5,0.116,Sell
1585387277.4324,6257.5,0.687,Sell
1585387293.4369,6257.5,0.264,Sell
1585387330.4458,6257.5,0.836,Sell
1585387367.5978,6257.5,0.064,Sell
1585387388.4502,6248.0,0.907,Buy
1585387388.4615,6247.5,0.1,Sell
1585387413.7981,6245.5,0.8,Sell
1585387422.4504,6250.0,0.018,Buy
1585387434.5419,6251.0,0.187,Sell
1585387439.4602,6251.5,0.354,Sell
1585387505.4685,6252.5,0.25,Sell
1585387526.8486,6253.0,0.1,Buy
1585387526.9486,6253.0,0.7,Buy
1585387527.0487,6253.0,0.2,Buy
1585387527.0487,6253.0,0.1,Buy
1585387527.1486,6253.0,0.1,Buy
1585387527.2486,6253.0,0.69,Buy
1585387528.4702,6255.5,0.626,Buy
1585387551.473,6257.0,0.852,Sell
1585387597.4817,6250.5,0.925,Buy
1585387622.4834,6249.5,0.966,Buy
1585387626.1928,6248.0,2.357,Sell
1585387626.1928,6248.0,3.643,Sell
1585387629.3653,6248.0,0.201,Sell
1585387647.4863,6249.5,0.723,Buy
1585387674.8377,6243.5,0.065,Sell
1585387688.4036,6243.0,0.061,Sell
1585387701.4938,6243.5,0.499,Sell
1585387709.4983,6244.5,0.071,Sell
1585387710.0197,6244.5,0.35,Sell
1585387713.5022,6245.5,0.912,Buy
1585387725.5039,6244.5,0.274,Sell
1585387737.5088,6245.0,0.534,Sell
1585387740.9486,6247.5,0.082,Buy
1585387741.2507,6250.0,0.058,Buy
1585387741.2507,6250.0,0.2,Buy
1585387741.3493,6250.0,0.042,Buy
1585387742.5105,6255.5,2.647,Sell
1585387747.5132,6253.0,0.176,Sell
1585387777.3497,6252.5,0.505,Sell
1585387782.3514,6251.5,0.054,Sell
1585387784.7237,6251.5,0.028,Sell
1585387787.355,6251.5,0.838,Sell
1585387792.3567,6252.5,1.634,Sell
1585387797.3607,6252.5,0.95,Sell
1585387813.3624,6252.5,0.129,Sell
1585387836.4647,6255.5,4.619,Buy
1585387836.4647,6255.5,0.715,Buy
1585387837.3496,6255.0,0.562,Sell
1585387843.356,6256.0,0.047,Sell
1585387866.0096,6254.0,0.25,Buy
1585387897.3496,6253.0,0.171,Buy
1585387908.3513,6252.5,0.263,Sell
1585387931.3926,6252.5,0.082,Sell
1585387957.3496,6252.5,0.108,Sell
1585387990.9647,6253.0,0.01,Buy
1585388006.6606,6252.5,0.368,Sell
1585388006.6606,6252.5,0.129,Sell
1585388017.3496,6249.0,0.131,Sell
1585388020.3513,6249.0,2.451,Sell
1585388023.354,6249.0,0.464,Sell
1585388026.3557,6249.5,0.825,Buy
1585388028.9711,6250.5,1.316,Buy
1585388046.2486,6252.5,0.503,Buy
1585388046.2486,6252.5,0.53,Buy
1585388077.3496,6262.0,0.908,Buy
1585388078.3514,6262.0,0.45,Sell
1585388079.3543,6262.5,0.119,Sell
1585388080.3559,6263.5,0.631,Buy
1585388126.6556,6266.0,0.001,Sell
1585388130.6402,6268.5,0.015,Buy
1585388153.3514,6257.5,0.151,Buy
1585388169.3543,6260.0,0.014,Sell
1585388185.356,6258.5,0.418,Sell
1585388201.3587,6258.5,0.113,Buy
1585388218.3605,6260.5,0.554,Buy
1585388235.3633,6259.5,0.584,Sell
1585388252.365,6258.5,0.883,Buy
1585388269.3699,6257.0,0.12,Sell
1585388299.3763,6256.0,1.267,Sell
1585388305.3781,6254.5,0.674,Sell
1585388323.3851,6252.0,0.239,Buy
1585388327.3868,6252.0,0.57,Buy
1585388331.3897,6251.5,0.958,Buy
1585388335.3914,6252.0,0.868,Sell
1585388377.3497,6252.5,0.299,Buy
1585388395.3514,6252.5,0.543,Sell
1585388431.3559,6253.5,0.259,Sell
1585388476.3648,6255.5,0.833,Sell
1585388530.3691,6255.5,0.768,Sell
1585388557.3729,6256.0,0.354,Sell
1585388611.3773,6255.5,0.113,Sell
1585388638.3791,6248.5,0.22,Sell
1585388668.6194,6244.5,0.118,Sell
1585388668.6249,6242.5,0.012,Sell
1585388668.6249,6243.5,0.082,Sell
1585388668.6249,6244.5,0.156,Sell
1585388684.3834,6244.5,0.21,Sell
1585388708.5674,6238.0,0.5,Sell
1585388721.274,6238.0,0.045,Sell
1585388755.3964,6242.5,0.995,Buy
1585388769.3991,6247.5,2.945,Sell
1585388783.4008,6247.5,0.674,Sell
1585388802.07,6248.0,0.082,Buy
1585388802.0754,6250.0,0.045,Buy
1585388815.409,6245.5,0.076,Sell
1585388824.4107,6245.5,0.876,Sell
1585388857.3496,6242.0,0.779,Sell
1585388903.0486,6238.0,0.118,Sell
1585388906.4485,6237.0,0.65,Sell
1585388906.5485,6237.0,0.434,Sell
1585388906.6489,6237.0,0.203,Sell
1585388906.7487,6237.0,0.377,Sell
1585388906.7841,6237.0,0.082,Sell
1585388906.8444,6237.0,0.082,Sell
1585388906.8486,6237.0,0.1,Sell
1585388906.8978,6237.0,0.082,Sell
1585388906.9251,6237.0,0.082,Sell
1585388906.9486,6237.0,0.116,Sell
1585388906.9878,6237.0,0.082,Sell
1585388907.0338,6237.0,0.082,Sell
1585388907.0485,6237.0,0.628,Sell
1585388907.1486,6235.0,0.837,Sell
1585388915.2877,6234.5,0.082,Buy
1585388915.3226,6234.5,0.082,Buy
1585388915.3883,6235.0,0.082,Buy
1585388915.4307,6235.0,0.082,Buy
1585388915.481,6235.0,0.082,Buy
1585388915.5366,6235.0,0.082,Buy
1585388915.5791,6235.0,0.082,Buy
1585388925.2486,6234.0,0.037,Sell
1585388950.6485,6234.0,0.59,Buy
1585388953.3593,6238.5,0.786,Buy
1585389041.3693,6239.5,0.901,Sell
1585389041.5741,6242.0,0.017,Buy
1585389041.5741,6241.0,0.001,Buy
1585389041.5741,6240.5,0.082,Buy
1585389058.4942,6240.5,2.0,Sell
1585389064.3711,6241.5,0.328,Buy
1585389087.3738,6241.5,0.212,Sell
1585389104.8246,6242.5,0.546,Buy
1585389110.3755,6241.5,0.291,Buy
1585389133.3791,6240.5,0.473,Sell
1585389157.3858,6241.5,0.616,Sell
1585389169.3875,6242.5,0.544,Sell
1585389198.3961,6242.0,0.56,Sell
1585389232.4005,6241.5,0.451,Sell
1585389249.4032,6247.0,0.39,Buy
1585389266.4049,6246.5,0.184,Sell
1585389270.3963,6248.0,0.553,Buy
1585389271.6284,6247.0,3.53,Buy
1585389299.7486,6250.0,0.105,Buy
1585389300.0242,6255.5,5.0,Buy
1585389317.417,6253.5,0.625,Sell
1585389317.417,6253.5,0.082,Sell
1585389320.4188,6252.5,0.176,Buy
1585389323.4216,6251.5,0.676,Sell
1585389326.4232,6251.0,0.097,Buy
1585389327.8398,6250.5,0.599,Sell
1585389337.3496,6250.5,0.081,Sell
1585389343.3558,6250.5,0.069,Sell
1585389415.9487,6250.0,0.01,Sell
1585389419.3513,6246.5,0.01,Sell
1585389419.3513,6246.5,0.839,Sell
1585389441.3551,6245.0,0.486,Sell
1585389476.2162,6248.5,2.089,Sell
1585389476.2162,6249.0,0.082,Sell
1585389502.4649,6248.0,0.137,Sell
1585389513.3625,6248.5,0.035,Sell
1585389541.3683,6246.0,0.918,Sell
1585389553.3701,6246.0,2.858,Sell
1585389565.3728,6246.0,0.882,Sell
1585389570.5221,6246.0,5.0,Sell
1585389571.3288,6246.0,0.015,Sell
1585389571.3288,6246.0,0.082,Sell
1585389574.2433,6246.5,0.082,Buy
1585389589.3782,6246.5,0.685,Sell
1585389705.3892,6250.5,0.787,Sell
1585389714.5867,6250.0,1.0,Sell
1585389715.8816,6249.0,0.275,Sell
1585389715.8816,6249.0,0.725,Sell
1585389771.3976,6254.5,3.736,Sell
1585389781.4003,6254.5,0.857,Sell
1585389817.3495,6253.0,0.792,Sell
1585389827.3513,6256.5,2.45,Sell
1585389837.354,6253.0,1.023,Sell
1585389842.4637,6251.5,0.061,Buy
1585389889.3547,6261.0,0.647,Buy
1585389895.3563,6259.5,0.325,Sell
1585389906.8,6261.5,2.007,Buy
1585389906.8,6260.5,0.082,Buy
1585389914.4335,6267.0,0.11,Sell
1585389937.3497,6263.0,0.861,Sell
1585389964.3485,6268.0,0.1,Buy
1585389967.0236,6272.0,0.118,Sell
