1585440037.3496,6246.5,0.769,Sell
1585440049.5273,6246.5,0.082,Sell
1585440049.5273,6246.5,0.018,Sell
1585440052.2252,6247.0,0.236,Buy
1585440056.6371,6246.5,2.28,Sell
1585440066.056,6247.0,0.013,Buy
1585440079.3559,6246.5,0.383,Sell
1585440093.412,6247.0,0.082,Buy
1585440094.1416,6247.0,0.082,Buy
1585440094.538,6247.0,0.082,Buy
1585440094.6124,6247.0,0.082,Buy
1585440094.6623,6247.0,0.082,Buy
1585440094.7001,6247.0,0.082,Buy
1585440094.7838,6247.0,0.082,Buy
1585440094.8347,6247.0,0.082,Buy
1585440094.8699,6247.0,0.082,Buy
1585440094.9231,6247.0,0.082,Buy
1585440094.9825,6247.0,0.082,Buy
1585440095.0112,6247.0,0.082,Buy
1585440095.0502,6247.0,0.082,Buy
1585440095.0882,6247.0,0.082,Buy
1585440095.1217,6247.0,0.082,Buy
1585440095.1636,6247.0,0.082,Buy
1585440095.2159,6247.0,0.082,Buy
1585440095.3086,6247.0,0.082,Buy
1585440095.342,6247.0,0.082,Buy
1585440095.4147,6247.0,0.082,Buy
1585440095.5872,6247.0,0.082,Buy
1585440095.6292,6247.0,0.082,Buy
1585440095.671,6247.0,0.082,Buy
1585440095.7845,6247.0,0.082,Buy
1585440095.9997,6247.0,0.082,Buy
1585440096.0003,6247.0,0.25,Buy
1585440096.1698,6247.0,0.082,Buy
1585440096.2105,6247.0,0.082,Buy
1585440096.2578,6247.0,0.082,Buy
1585440096.3029,6247.0,0.082,Buy
1585440096.4101,6247.0,0.082,Buy
1585440096.47,6247.0,0.082,Buy
1585440135.3544,6246.5,0.758,Sell
1585440173.359,6241.5,2.544,Buy
1585440175.1129,6239.5,0.023,Sell
1585440180.3607,6236.5,0.101,Sell
1585440187.3651,6236.5,0.869,Buy
1585440194.3669,6239.5,0.681,Sell
1585440201.4908,6239.0,0.36,Sell
1585440217.3498,6223.0,0.012,Buy
1585440222.3515,6223.0,0.89,Buy
1585440227.3543,6212.0,0.642,Buy
1585440227.3596,6212.0,0.02,Sell
1585440230.9475,6211.0,0.001,Sell
1585440281.3515,6212.5,0.94,Sell
1585440285.3544,6213.0,0.521,Sell
1585440289.356,6211.0,0.499,Sell
1585440346.3514,6216.0,0.248,Buy
1585440355.3543,6215.5,0.1,Sell
1585440355.3543,6215.5,0.075,Sell
1585440364.356,6215.5,0.194,Sell
1585440397.3498,6217.5,0.971,Sell
1585440407.3516,6217.5,0.172,Buy
1585440417.3545,6216.5,0.935,Sell
1585440427.3562,6217.0,0.596,Buy
1585440462.625,6217.5,0.35,Sell
1585440471.3516,6214.0,2.838,Sell
1585440499.3561,6214.5,0.5,Buy
1585440513.36,6215.0,0.688,Sell
1585440519.3617,6215.5,0.358,Buy
1585440525.3665,6215.5,0.558,Sell
1585440540.3684,6213.5,0.248,Buy
1585440555.3711,6212.5,0.189,Sell
1585440575.0486,6218.0,0.001,Buy
1585440585.3776,6219.0,0.258,Sell
1585440606.3793,6219.5,0.993,Buy
1585440632.386,6219.5,0.487,Sell
1585440637.3887,6219.5,0.425,Sell
1585440642.3905,6219.5,0.556,Sell
1585440644.1137,6220.0,0.005,Buy
1585440647.3933,6219.5,0.868,Sell
1585440648.395,6219.5,0.249,Sell
1585440649.3979,6219.0,0.715,Sell
1585440650.3996,6219.0,0.155,Buy
1585440697.3497,6218.0,0.602,Buy
1585440700.3516,6217.5,0.035,Buy
1585440703.3544,6217.0,0.296,Sell
1585440706.3562,6217.0,0.523,Sell
1585440714.4292,6219.0,0.001,Sell
1585440757.3496,6220.0,2.823,Sell
1585440769.3514,6221.0,0.907,Buy
1585440825.3513,6217.0,0.315,Buy
1585440833.3542,6220.5,0.474,Sell
1585440841.3559,6218.5,0.483,Buy
1585440949.3557,6217.5,0.288,Sell
1585440973.3585,6216.5,0.797,Sell
1585440996.3602,6217.0,0.83,Sell
1585441068.8083,6215.0,0.132,Sell
1585441068.8083,6206.5,0.121,Sell
1585441070.3745,6205.5,0.525,Buy
1585441075.3773,6206.0,0.269,Sell
1585441117.3496,6205.0,2.594,Sell
1585441129.3513,6210.5,0.655,Buy
1585441141.3542,6210.0,0.9,Sell
1585441171.3375,6220.0,0.253,Buy
1585441171.3427,6220.0,0.05,Buy
1585441192.3524,6216.0,0.322,Buy
1585441207.3551,6221.5,3.874,Sell
1585441222.3568,6216.0,0.072,Buy
1585441237.3639,6219.5,1.054,Sell
1585441237.6287,6219.5,0.008,Sell
1585441246.3656,6221.5,0.465,Sell
1585441255.3684,6221.0,0.861,Buy
1585441264.3701,6222.0,0.963,Buy
1585441268.1865,6222.5,0.006,Buy
1585441297.3504,6223.0,0.219,Sell
1585441324.3522,6226.0,0.218,Buy
1585441351.3551,6225.5,0.272,Buy
1585441405.3598,6226.5,0.948,Buy
1585441424.3616,6223.0,4.439,Buy
1585441443.3646,6219.0,0.074,Sell
1585441462.3663,6220.5,0.178,Sell
1585441499.3753,6218.5,0.384,Sell
1585441517.3779,6218.0,0.702,Sell
1585441553.3869,6218.0,0.789,Sell
1585441563.3888,6216.0,0.495,Sell
1585441573.3916,6216.5,0.644,Sell
1585441583.3934,6216.5,0.508,Buy
1585441597.3496,6217.5,0.032,Buy
1585441598.3513,6216.5,0.736,Sell
1585441599.3542,6216.5,2.713,Sell
1585441600.3559,6216.5,0.48,Sell
1585441673.3514,6217.5,0.843,Sell
1585441705.3558,6215.5,0.529,Sell
1585441721.3594,6216.0,0.161,Sell
1585441775.3658,6216.5,0.392,Sell
1585441793.3696,6217.5,4.381,Buy
1585441812.3713,6217.0,0.072,Buy
1585441831.3761,6221.0,1.258,Sell
1585441885.3823,6222.5,1.377,Sell
1585441912.3934,6219.5,0.545,Sell
1585441917.2461,6219.5,0.25,Sell
1585441921.3963,6222.5,0.743,Sell
1585441957.3498,6220.5,0.937,Sell
1585441963.3515,6222.0,0.462,Sell
1585441969.3542,6222.0,0.202,Sell
1585441975.3559,6221.0,0.34,Buy
1585442017.3496,6221.5,0.261,Buy
1585442063.3544,6216.5,4.058,Sell
1585442069.3564,6215.5,0.2,Sell
1585442086.3561,6214.0,0.465,Sell
1585442109.3632,6216.5,0.549,Sell
1585442121.365,6215.5,0.716,Buy
1585442133.3679,6215.5,0.311,Sell
1585442145.3696,6217.0,0.681,Buy
1585442157.3734,6216.0,0.001,Sell
1585442213.3808,6217.0,0.666,Sell
1585442218.3826,6217.0,0.741,Buy
1585442223.3853,6216.5,0.209,Sell
1585442228.3871,6217.0,0.557,Sell
1585442280.3515,6215.5,0.076,Sell
1585442303.3542,6215.5,0.493,Sell
1585442326.3559,6214.5,0.008,Buy
1585442349.3586,6212.5,0.234,Sell
1585442366.3603,6213.0,0.755,Sell
1585442383.3639,6213.0,0.134,Sell
1585442417.3683,6213.5,0.636,Buy
1585442441.37,6214.0,0.479,Sell
1585442465.3732,6210.0,0.959,Sell
1585442489.375,6210.5,0.807,Buy
1585442513.3777,6209.0,1.504,Buy
1585442518.8119,6209.0,0.05,Buy
1585442540.3796,6208.5,0.529,Sell
1585442567.3823,6208.0,0.095,Sell
1585442621.3935,6207.5,0.245,Sell
1585442645.6936,6200.0,0.005,Sell
1585442645.7991,6200.0,0.067,Sell
1585442674.0487,6200.0,0.178,Sell
1585442675.3978,6195.5,0.03,Sell
1585442675.403,6195.0,0.05,Sell
1585442675.6707,6192.5,2.723,Sell
1585442702.3994,6193.5,0.671,Sell
1585442729.4021,6191.5,0.313,Sell
1585442753.4039,6185.5,0.668,Sell
1585442777.4129,6186.5,0.998,Sell
1585442785.4167,6190.5,1.1,Sell
1585442801.4148,6194.0,0.424,Buy
1585442825.4175,6192.5,0.557,Buy
1585442827.4221,6191.0,3.92,Sell
1585442828.4238,6192.0,0.372,Buy
1585442857.3496,6191.5,0.827,Sell
1585442883.3514,6185.5,0.765,Sell
1585442909.3542,6191.5,0.525,Sell
1585442961.3633,6193.5,0.59,Buy
1585443007.3679,6194.0,0.555,Buy
1585443053.3723,6195.5,0.779,Sell
1585443072.3741,6195.5,0.382,Buy
1585443091.3768,6195.0,0.775,Sell
1585443096.7609,6195.5,0.079,Buy
1585443128.739,6195.5,1.1,Buy
1585443129.3869,6195.5,0.55,Buy
1585443150.3887,6196.0,0.129,Sell
1585443171.3915,6195.5,0.122,Buy
1585443180.2513,6195.0,0.24,Sell
1585443180.3485,6195.0,0.26,Sell
1585443181.0484,6194.5,0.1,Sell
1585443192.3932,6190.0,0.179,Buy
1585443213.3965,6189.0,3.494,Sell
1585443221.3984,6189.0,0.101,Sell
1585443229.4012,6188.5,0.387,Sell
1585443245.4058,6188.5,0.628,Sell
1585443262.4076,6188.5,0.539,Buy
1585443265.2394,6189.0,0.1,Buy
1585443272.2485,6189.5,0.017,Buy
1585443279.4108,6194.5,0.774,Buy
1585443296.4126,6195.5,0.283,Buy
1585443325.4214,6196.5,0.284,Sell
1585443336.2485,6197.5,0.015,Buy
1585443336.8486,6199.0,0.018,Buy
1585443337.4248,6201.5,0.482,Sell
1585443350.3094,6201.0,2.0,Sell
1585443361.4303,6201.5,0.837,Sell
1585443367.432,6201.5,0.324,Sell
1585443368.4485,6202.5,0.061,Buy
1585443384.4717,6207.0,0.05,Buy
1585443385.4408,6206.0,0.628,Sell
1585443397.4425,6205.5,0.27,Sell
1585443399.9949,6206.0,0.2,Buy
1585443409.4474,6206.5,0.181,Buy
1585443424.6762,6207.5,0.05,Buy
1585443437.4492,6201.5,0.249,Sell
1585443462.7361,6206.0,0.033,Buy
1585443465.4521,6204.5,0.743,Sell
1585443493.4538,6204.5,4.746,Buy
1585443521.4571,6201.5,0.048,Sell
1585443538.459,6201.0,0.053,Sell
1585443555.4617,6201.5,0.412,Buy
1585443572.4634,6201.5,0.548,Sell
1585443615.4722,6207.0,0.155,Buy
1585443693.4805,6201.5,0.839,Sell
1585443713.4822,6202.5,0.855,Sell
1585443733.4852,6199.0,0.102,Sell
1585443739.9768,6200.0,0.1,Buy
1585443800.4958,6192.5,4.53,Sell
1585443815.4582,6189.5,0.01,Sell
1585443827.4986,6187.0,0.769,Buy
1585443854.5003,6191.5,0.987,Sell
1585443881.5039,6188.5,0.853,Sell
1585443882.0082,6189.0,0.2,Buy
1585443891.5056,6190.0,0.025,Buy
1585443901.5084,6191.5,0.284,Sell
1585443911.5102,6189.0,0.147,Buy
1585443921.5142,6189.5,0.977,Sell
1585443927.5159,6189.5,0.671,Sell
1585443955.7202,6189.5,0.1,Sell
1585443958.8509,6189.5,0.1,Sell
1585443958.9487,6189.5,0.1,Sell
1585443959.0487,6189.5,0.006,Sell
1585443959.0487,6189.5,0.094,Sell
1585443959.1486,6189.5,0.1,Sell
1585443959.2486,6189.5,0.1,Sell
1585443959.3485,6189.5,0.1,Sell
1585443959.4486,6189.5,0.1,Sell
1585443959.5486,6189.5,0.1,Sell
1585443959.6484,6189.5,0.077,Sell
1585443959.6484,6185.0,0.023,Sell
1585443959.7487,6185.0,0.077,Sell
1585443976.8866,6192.0,0.109,Buy
1585443980.264,6191.0,0.007,Buy
1585443986.3613,6185.5,2.838,Sell
1585443997.3496,6185.5,2.838,Sell
1585443997.3496,6185.5,1.501,Sell
1585444016.0756,6186.0,0.8,Buy
1585444020.3515,6189.5,0.861,Sell
1585444043.3543,6195.5,0.58,Buy
1585444066.356,6193.5,0.441,Sell
1585444089.3599,6194.5,0.149,Buy
1585444092.3617,6195.5,0.056,Buy
1585444095.3644,6196.0,0.326,Sell
1585444098.3662,6197.5,0.64,Sell
1585444103.8626,6200.0,0.025,Buy
1585444115.5487,6200.0,0.162,Sell
1585444115.6484,6200.0,0.15,Sell
1585444115.7487,6200.0,0.153,Sell
1585444115.8487,6200.0,0.51,Sell
1585444165.3545,6193.0,0.381,Buy
1585444175.6551,6195.0,1.0,Buy
1585444207.5488,6198.5,0.034,Buy
1585444213.3588,6197.5,0.502,Sell
1585444227.3605,6200.0,0.833,Sell
1585444241.3635,6199.0,0.96,Buy
1585444269.3678,6194.0,0.301,Buy
1585444270.4631,6193.5,0.001,Sell
1585444301.9009,6189.5,1.0,Buy
1585444323.3726,6192.0,0.411,Sell
1585444350.3743,6191.5,0.249,Buy
1585444377.3825,6194.5,0.334,Sell
1585444379.3843,6194.5,0.737,Sell
1585444381.3872,6194.5,0.584,Buy
1585444383.3889,6193.5,3.3,Sell
1585444417.3496,6191.0,0.274,Sell
1585444440.3514,6187.5,0.288,Buy
1585444463.3543,6194.5,0.895,Sell
1585444471.9298,6193.5,0.001,Buy
1585444486.3559,6193.5,4.754,Buy
1585444509.364,6194.0,0.396,Sell
1585444514.3658,6193.5,1.315,Sell
1585444519.3708,6193.5,0.064,Sell
1585444524.3726,6192.0,0.49,Sell
1585444537.3497,6192.5,0.429,Sell
1585444539.3514,6193.0,2.704,Sell
1585444541.354,6193.0,0.909,Sell
1585444545.205,6191.5,0.059,Sell
1585444579.7536,6188.5,0.04,Buy
1585444597.3497,6187.5,0.474,Buy
1585444620.3515,6190.5,0.618,Sell
1585444666.3559,6187.5,0.481,Buy
1585444689.3631,6192.0,0.123,Sell
1585444713.3649,6187.0,4.607,Buy
1585444737.3677,6187.5,0.376,Buy
1585444761.3694,6189.5,0.387,Sell
1585444785.373,6190.5,0.093,Sell
1585444797.3746,6190.0,0.947,Sell
1585444809.3774,6191.0,0.369,Buy
1585444821.3792,6193.5,0.507,Sell
1585444825.2422,6194.5,1.0,Buy
1585444833.3831,6192.0,0.719,Sell
1585444847.3898,6194.5,4.928,Buy
1585444853.3916,6198.0,0.837,Sell
1585444859.3944,6199.0,0.277,Buy
1585444897.3497,6195.0,0.132,Sell
1585444915.3514,6195.5,0.066,Buy
1585444933.3542,6195.5,0.34,Sell
1585444951.3559,6195.5,0.486,Buy
1585444974.3658,6196.5,0.551,Buy
1585444979.3686,6196.0,0.035,Buy
1585445017.3496,6196.0,0.438,Sell
1585445021.3514,6196.5,0.027,Sell
1585445025.3556,6196.0,0.608,Sell
1585445033.3611,6196.0,0.48,Sell
1585445059.3629,6196.0,0.571,Sell
1585445085.3679,6196.0,0.948,Sell
1585445113.3698,6196.5,0.069,Sell
1585445141.3725,6197.0,0.649,Buy
1585445169.3742,6197.5,0.87,Sell
1585445197.3769,6197.0,1.69,Sell
1585445212.3788,6197.0,0.098,Buy
1585445227.3817,6196.0,0.746,Sell
1585445262.3485,6196.0,2.539,Sell
1585445262.4486,6196.0,0.123,Sell
1585445262.5486,6196.0,0.406,Sell
1585445262.6485,6196.0,0.604,Sell
1585445262.7486,6196.0,0.612,Sell
1585445262.8486,6196.0,0.774,Sell
1585445262.9486,6196.0,0.326,Sell
1585445263.0485,6196.0,0.1,Sell
1585445263.1485,6196.0,4.24,Sell
1585445371.3555,6196.5,0.306,Sell
1585445391.3643,6196.5,2.934,Sell
1585445393.3671,6196.5,0.658,Buy
1585445411.3759,6197.0,0.7,Buy
1585445468.4748,6196.0,1.6,Sell
1585445549.9698,6196.0,0.079,Sell
1585445590.9066,6196.0,0.053,Sell
1585445687.615,6196.0,3.544,Sell
1585445695.3556,6189.0,0.051,Buy
1585445721.3585,6188.5,0.516,Sell
1585445722.3605,6188.5,2.03,Sell
1585445722.3605,6188.5,0.516,Sell
1585445722.3605,6188.5,2.268,Sell
1585445723.3651,6189.0,0.147,Sell
1585445737.3495,6189.5,0.894,Buy
1585445747.3539,6188.5,0.73,Sell
1585445752.3556,6189.5,0.59,Sell
1585445791.0723,6189.5,0.071,Buy
1585445797.3496,6189.5,0.658,Sell
1585445805.3513,6189.0,0.419,Sell
1585445811.4078,6189.0,5.0,Sell
1585445813.3541,6189.5,0.682,Sell
1585445821.3558,6188.5,0.243,Buy
1585445860.3513,6188.5,0.912,Buy
1585445863.3542,6187.5,0.316,Sell
1585445864.9823,6188.5,0.01,Buy
1585445866.3559,6187.0,0.752,Buy
1585445869.3597,6186.0,0.241,Sell
1585445882.3614,6185.5,0.162,Sell
1585445917.3496,6186.0,0.242,Buy
1585445923.3513,6187.5,0.36,Sell
1585445929.354,6189.0,0.402,Buy
1585445935.3557,6190.0,0.852,Sell
1585445997.3597,6186.5,0.459,Sell
1585446028.8153,6186.5,0.117,Sell
1585446055.3515,6186.5,0.306,Sell
1585446055.3515,6186.5,0.342,Sell
1585446113.3705,6184.0,0.05,Sell
1585446113.476,6184.0,0.1,Sell
1585446121.3671,6184.5,0.76,Sell
1585446127.3688,6184.5,0.322,Buy
1585446181.5314,6184.0,0.04,Sell
1585446216.7884,6184.0,0.133,Sell
1585446221.8323,6184.0,0.839,Sell
1585446263.8762,6184.0,0.673,Sell
1585446290.0905,6187.5,0.117,Buy
1585446293.3767,6188.0,1.0,Buy
1585446297.2973,6187.0,0.1,Buy
1585446305.3513,6185.0,0.762,Sell
1585446384.4496,6184.0,0.336,Sell
1585446406.7975,6184.0,0.014,Sell
1585446437.5976,6184.0,0.504,Sell
1585446456.7021,6184.0,0.652,Sell
1585446605.4104,6185.0,0.704,Sell
1585446639.4191,6189.0,0.078,Buy
1585446644.5488,6189.0,0.116,Buy
1585446655.4221,6187.0,0.308,Sell
1585446671.4238,6189.5,0.527,Buy
1585446709.4317,6187.0,0.943,Buy
1585446720.4334,6189.0,0.318,Buy
1585446731.4362,6189.0,4.59,Sell
1585446751.4408,6188.5,0.041,Sell
1585446785.4481,6188.5,3.79,Sell
1585446799.4507,6188.5,0.615,Sell
1585446885.4689,6190.0,0.562,Sell
1585446887.2927,6191.5,0.094,Buy
1585446897.4725,6190.5,0.088,Sell
1585446917.4742,6199.5,0.03,Sell
1585446924.0486,6200.0,0.1,Buy
1585446924.0537,6203.0,0.1,Buy
1585446924.0537,6204.5,0.739,Buy
1585446924.0597,6204.5,0.014,Buy
1585446929.8465,6211.0,0.038,Buy
1585446929.8518,6211.0,0.04,Buy
1585446931.9487,6215.0,0.1,Buy
1585446931.9537,6214.0,0.116,Sell
1585446931.9539,6216.0,0.059,Buy
1585446932.6485,6216.0,0.346,Buy
1585446936.9756,6219.0,1.951,Buy
1585446936.9756,6218.0,0.049,Buy
1585446937.0453,6219.5,0.053,Buy
1585446937.4771,6216.5,0.56,Buy
1585446957.4788,6208.0,0.298,Buy
1585446977.4828,6206.0,2.636,Sell
1585446982.4844,6205.5,0.137,Buy
1585447002.4912,6204.5,0.16,Sell
1585447017.4939,6201.5,0.236,Sell
1585447032.4957,6204.5,0.276,Buy
1585447035.4643,6208.0,0.014,Buy
1585447047.4985,6203.5,0.835,Sell
1585447054.5003,6203.5,0.522,Buy
1585447061.5032,6205.0,0.244,Buy
1585447066.6336,6208.0,0.652,Buy
1585447075.513,6208.0,0.616,Sell
1585447106.5079,6203.5,0.66,Buy
1585447131.5209,6205.0,0.833,Buy
1585447145.8877,6204.5,0.187,Sell
1585447187.5252,6208.0,2.878,Sell
1585447194.527,6208.0,0.546,Sell
1585447201.53,6207.5,0.555,Sell
1585447208.5317,6209.0,0.748,Sell
1585447237.3497,6207.5,0.273,Sell
1585447239.3515,6205.0,0.674,Buy
1585447243.357,6205.5,0.567,Sell
1585447267.0769,6206.0,0.502,Sell
1585447275.7348,6207.0,0.306,Sell
1585447297.3495,6207.0,0.562,Sell
1585447298.3513,6207.0,0.876,Sell
1585447299.354,6207.0,0.084,Sell
1585447300.3557,6207.0,0.034,Buy
1585447357.3497,6205.0,0.656,Buy
1585447366.3514,6206.0,0.065,Sell
1585447375.3543,6205.5,0.106,Sell
1585447384.356,6209.0,0.122,Sell
1585447417.3496,6213.0,0.296,Buy
1585447435.3514,6212.0,0.189,Buy
1585447439.6929,6209.0,0.306,Sell
1585447453.356,6210.5,0.069,Sell
1585447467.1357,6215.5,0.116,Buy
1585447471.3577,6214.5,0.552,Buy
1585447489.3606,6213.5,0.619,Buy
1585447517.3625,6219.5,0.817,Buy
1585447524.6347,6217.5,0.065,Buy
1585447530.8311,6217.5,0.02,Buy
1585447545.3653,6214.5,0.912,Sell
1585447573.367,6212.0,0.926,Buy
1585447589.1209,6212.5,0.038,Sell
1585447589.5206,6211.5,0.038,Sell
1585447599.6997,6211.5,0.2,Buy
1585447601.1285,6211.5,0.038,Buy
1585447601.3707,6211.0,2.964,Sell
1585447610.6869,6207.5,0.117,Sell
1585447622.3726,6207.5,0.824,Sell
1585447657.9918,6208.0,0.02,Sell
1585447685.3843,6209.5,0.191,Sell
1585447686.3861,6209.5,2.862,Sell
1585447687.389,6209.5,0.703,Sell
1585447717.3498,6209.5,0.932,Sell
1585447718.3515,6209.5,0.652,Buy
1585447719.3545,6209.5,0.622,Sell
1585447726.2488,6210.0,0.2,Buy
1585447777.3501,6210.5,0.212,Sell
1585447826.1014,6211.0,0.2,Buy
1585447834.3613,6210.5,0.497,Sell
1585447851.4987,6212.0,0.135,Buy
1585447853.3718,6211.0,0.643,Sell
1585447855.3735,6212.0,0.096,Sell
1585447857.3763,6212.0,0.401,Buy
1585447859.378,6212.0,0.029,Sell
1585447897.3499,6211.5,0.87,Sell
1585447917.3516,6210.5,0.603,Sell
1585447917.3516,6210.5,0.219,Sell
1585447932.3761,6210.5,0.1,Buy
1585447937.3544,6212.0,4.429,Sell
1585447977.3586,6212.0,0.911,Sell
1585447997.3631,6212.0,0.118,Sell
1585447998.6484,6212.5,0.04,Buy
1585448017.3732,6212.0,0.208,Buy
1585448027.3749,6211.5,0.895,Sell
1585448047.3794,6216.5,0.21,Buy
1585448077.3497,6215.5,0.323,Buy
1585448085.3514,6215.0,0.931,Buy
1585448093.3541,6214.5,0.283,Sell
1585448101.1359,6214.0,0.002,Sell
1585448101.3559,6214.5,0.511,Sell
1585448137.3497,6215.5,0.475,Sell
1585448157.728,6215.5,0.014,Buy
1585448159.8225,6213.5,0.014,Sell
1585448197.365,6211.0,0.709,Sell
1585448206.3668,6210.5,0.501,Sell
1585448215.3695,6210.0,0.473,Sell
1585448224.3713,6212.5,0.035,Sell
1585448342.3167,6213.5,0.01,Buy
1585448342.3167,6214.5,0.01,Buy
1585448342.3167,6215.5,0.08,Buy
1585448361.7669,6216.0,6.719,Buy
1585448361.7669,6216.5,1.825,Buy
1585448377.3495,6216.0,0.223,Sell
1585448382.3513,6216.0,0.511,Sell
1585448387.354,6216.0,0.674,Sell
1585448411.4655,6213.5,0.125,Sell
1585448411.4655,6214.5,0.01,Sell
1585448437.3497,6211.0,0.765,Sell
1585448437.3553,6210.5,0.208,Sell
1585448460.3514,6212.0,0.681,Sell
1585448483.354,6212.0,0.163,Sell
1585448506.3558,6210.5,0.039,Buy
1585448506.8976,6211.5,0.208,Buy
1585448530.8973,6210.0,0.044,Sell
1585448536.2637,6210.0,0.071,Sell
1585448557.3497,6211.5,0.146,Sell
1585448580.576,6210.5,0.072,Buy
1585448585.3542,6209.0,4.779,Buy
1585448599.3559,6209.5,3.991,Sell
1585448617.3496,6209.5,2.452,Sell
1585448617.3496,6209.5,1.49,Sell
1585448617.3496,6209.5,0.264,Sell
1585448637.3514,6209.5,0.726,Sell
1585448657.3543,6209.5,0.446,Sell
1585448677.356,6209.5,0.463,Sell
1585448697.3596,6209.5,3.817,Sell
1585448704.3614,6209.5,0.753,Sell
1585448711.3642,6209.0,4.158,Sell
1585448715.7788,6208.5,0.019,Sell
1585448737.3497,6207.5,0.155,Sell
1585448755.3514,6207.5,0.581,Sell
1585448827.3647,6207.5,0.41,Sell
1585448863.3693,6207.5,0.718,Sell
1585448895.3737,6207.5,0.02,Sell
1585448909.3765,6207.5,0.306,Sell
1585448924.023,6207.5,0.085,Sell
1585448924.023,6207.0,0.015,Sell
1585448937.3853,6207.5,0.206,Buy
1585448977.3987,6207.5,3.37,Buy
1585449001.4004,6207.5,0.252,Sell
1585449025.4032,6207.5,0.881,Sell
1585449076.4188,6207.5,0.487,Sell
1585449079.4218,6207.5,2.251,Sell
1585449097.3495,6209.0,0.156,Sell
1585449117.2331,6209.5,0.1,Buy
1585449122.3514,6209.5,0.006,Buy
1585449147.3544,6209.5,0.523,Sell
1585449197.3601,6208.0,2.847,Buy
1585449210.3618,6208.0,0.388,Sell
1585449241.3686,6209.5,0.851,Sell
1585449259.3714,6208.5,0.979,Buy
1585449277.3731,6207.5,0.197,Sell
1585449295.3813,6207.5,0.266,Buy
1585449303.3831,6208.0,0.125,Buy
1585449311.3862,6207.5,0.93,Buy
1585449319.388,6207.5,0.062,Sell
1585449337.3497,6207.5,0.043,Buy
1585449353.8484,6207.0,0.115,Sell
1585449368.4978,6207.0,0.056,Sell
1585449397.3496,6202.5,0.675,Sell
1585449413.3514,6202.0,0.613,Sell
1585449429.354,6202.0,0.267,Sell
1585449461.3597,6202.0,0.56,Sell
1585449478.7969,6202.5,10.74,Sell
1585449478.7969,6202.0,4.26,Sell
1585449479.3613,6202.5,0.55,Sell
1585449483.4988,6203.0,0.1,Buy
1585449523.3695,6202.5,0.08,Sell
1585449549.3723,6202.5,0.302,Sell
1585449549.3723,6202.5,0.47,Sell
1585449585.1933,6200.5,1.1,Sell
1585449601.3781,6201.0,0.605,Sell
1585449619.3798,6200.5,0.491,Sell
1585449637.3858,6200.0,0.406,Buy
1585449661.3877,6199.5,0.904,Sell
1585449685.3907,6200.0,0.438,Sell
1585449689.715,6200.0,0.904,Sell
1585449709.3924,6200.5,0.141,Sell
1585449750.4013,6195.5,0.593,Sell
1585449754.1069,6195.5,0.2,Sell
1585449767.4043,6196.0,3.664,Buy
1585449784.406,6197.5,0.047,Buy
1585449801.4088,6195.5,0.495,Sell
1585449820.4106,6196.0,0.755,Sell
1585449880.4455,6195.5,0.148,Buy
1585449923.8613,6195.5,0.663,Buy
1585449926.9487,6195.0,0.43,Sell
1585449927.0486,6195.0,3.294,Sell
1585449946.8069,6195.0,1.0,Sell
1585450078.3707,6196.5,0.655,Sell
1585450085.7734,6205.0,3.308,Buy
1585450085.7734,6204.5,1.192,Buy
1585450085.7734,6205.0,3.206,Buy
1585450085.7734,6204.5,3.811,Buy
1585450085.7734,6204.5,3.539,Buy
1585450123.0804,6202.0,0.276,Buy
1585450155.3822,6200.0,0.452,Sell
1585450156.3841,6200.5,0.718,Buy
1585450157.3869,6200.5,0.144,Sell
1585450158.3887,6200.5,0.614,Sell
1585450188.3514,6201.5,0.768,Sell
1585450199.3542,6202.0,0.579,Sell
1585450210.356,6199.5,0.939,Sell
1585450237.3497,6199.5,0.2,Sell
1585450251.3514,6199.5,0.738,Buy
1585450265.3541,6199.0,0.521,Sell
1585450279.3559,6200.5,2.303,Sell
1585450297.3497,6200.0,0.846,Buy
1585450305.3515,6200.5,0.109,Buy
1585450313.3544,6201.0,1.561,Buy
1585450321.3562,6200.5,0.38,Buy
1585450365.3515,6201.5,0.276,Sell
1585450373.3544,6201.5,0.316,Sell
1585450381.3561,6201.0,2.277,Sell
1585450471.3543,6201.5,0.293,Sell
1585450525.3587,6202.5,0.735,Sell
1585450528.2531,6203.0,0.01,Sell
1585450531.3605,6202.5,0.485,Sell
1585450537.3635,6203.0,0.44,Buy
1585450543.3652,6202.0,0.125,Buy
1585450549.3691,6202.0,0.577,Sell
1585450551.3757,6202.0,0.628,Sell
1585450552.3775,6202.0,0.564,Sell
1585450553.3805,6202.5,0.494,Sell
1585450597.3498,6197.5,0.027,Buy
1585450602.4248,6196.0,7.456,Sell
1585450602.4248,6195.5,3.81,Sell
1585450602.4248,6195.5,3.734,Sell
1585450621.3515,6196.5,0.654,Sell
1585450645.3543,6197.0,1.365,Buy
1585450658.9846,6196.0,0.34,Sell
1585450849.3223,6191.5,0.043,Buy
1585450903.3873,6193.5,0.111,Sell
1585450929.3902,6193.5,0.566,Sell
1585450965.395,6194.5,0.827,Buy
1585451009.4036,6194.5,4.965,Sell
1585451033.3278,6190.5,0.01,Buy
1585451093.3512,6190.0,0.255,Sell
1585451108.0475,6189.5,0.1,Buy
1585451109.354,6189.5,0.308,Buy
1585451125.3557,6189.0,0.73,Buy
1585451167.3602,6190.0,0.255,Buy
1585451193.3652,6187.0,0.572,Sell
1585451245.3709,6186.5,0.892,Sell
1585451268.3727,6186.5,0.169,Buy
1585451317.1824,6186.5,0.107,Buy
1585451337.3799,6186.5,0.142,Sell
1585451413.3999,6186.0,0.009,Sell
1585451418.1865,6186.0,0.009,Sell
1585451465.8485,6186.5,0.02,Buy
1585451473.3999,6186.5,0.802,Sell
1585451480.4141,6186.0,0.182,Sell
1585451480.4141,6186.0,0.613,Sell
1585451492.5485,6187.0,0.025,Buy
1585451497.3497,6190.5,0.687,Sell
1585451517.3514,6191.5,0.974,Sell
1585451537.3543,6189.5,0.932,Sell
1585451546.7706,6191.0,0.39,Buy
1585451577.3586,6189.0,0.461,Sell
1585451578.3603,6189.0,0.945,Sell
1585451579.363,6189.0,0.856,Sell
1585451581.3697,6189.0,0.735,Sell
1585451584.3714,6188.5,0.233,Sell
1585451600.1277,6189.5,0.002,Buy
1585451617.3496,6193.0,0.316,Sell
1585451618.3514,6193.0,1.451,Sell
1585451619.3541,6194.0,0.548,Sell
1585451621.3595,6194.0,0.988,Sell
1585451623.0853,6191.5,0.039,Sell
1585451629.3612,6191.5,0.142,Sell
1585451677.3498,6192.0,0.078,Buy
1585451700.3516,6191.5,0.771,Sell
1585451723.3544,6191.5,0.132,Sell
1585451750.0111,6192.0,0.01,Sell
1585451773.3651,6194.5,0.338,Sell
1585451777.3678,6194.5,0.327,Buy
1585451781.3695,6194.5,0.005,Sell
1585451797.3497,6194.5,0.295,Buy
1585451824.3515,6195.0,0.698,Sell
1585451851.3545,6200.5,0.979,Sell
1585451878.3562,6198.5,0.511,Buy
1585451905.3633,6197.5,0.238,Sell
1585451931.3681,6198.5,0.826,Sell
1585451957.3736,6197.5,0.28,Sell
1585451979.3754,6197.5,0.045,Sell
1585452001.3782,6199.0,0.54,Sell
1585452015.4965,6200.0,0.01,Buy
1585452015.4965,6200.0,0.118,Buy
1585452023.3799,6197.5,0.826,Buy
1585452047.3886,6198.0,0.564,Buy
1585452051.3933,6197.5,0.739,Sell
1585452084.0864,6194.0,0.108,Sell
1585452084.0864,6195.0,0.01,Sell
1585452084.0864,6195.0,0.01,Sell
1585452097.3497,6195.5,0.044,Sell
1585452115.3514,6196.5,0.948,Sell
1585452133.3542,6196.0,0.098,Sell
1585452151.356,6196.0,0.018,Sell
1585452169.3646,6196.0,2.268,Sell
1585452192.3664,6195.5,3.57,Sell
1585452192.3664,6195.5,0.052,Sell
1585452231.7232,6197.0,0.01,Buy
1585452231.7232,6198.0,0.09,Buy
1585452238.3709,6196.0,0.194,Sell
1585452261.3784,6194.5,0.576,Buy
1585452309.3873,6194.5,0.584,Buy
1585452320.3892,6194.5,0.746,Buy
1585452336.4702,6194.0,0.01,Sell
1585452336.4702,6191.0,0.24,Sell
1585452342.3946,6192.0,1.367,Buy
1585452353.3984,6191.0,0.963,Sell
1585452355.4051,6191.0,0.209,Sell
1585452365.4124,6191.0,0.851,Sell
1585452397.3497,6190.5,0.127,Buy
1585452420.3515,6191.0,0.604,Sell
1585452443.3541,6191.0,0.101,Sell
1585452489.3596,6191.0,0.639,Sell
1585452491.3673,6191.0,0.476,Sell
1585452595.3806,6190.5,0.463,Sell
1585452809.9601,6190.0,0.01,Sell
1585452811.4041,6188.5,2.371,Sell
1585452811.4041,6188.5,0.233,Sell
1585452826.2472,6184.0,0.005,Sell
1585452843.4152,6188.0,0.404,Sell
1585452852.5623,6186.0,0.032,Buy
1585452901.422,6186.5,0.14,Sell
1585452917.4238,6184.5,0.081,Sell
1585452946.3636,6184.5,0.155,Buy
1585452975.3822,6184.5,0.005,Buy
1585453113.3955,6185.0,0.117,Buy
1585453117.4633,6184.5,0.501,Sell
1585453124.4649,6185.0,0.736,Sell
1585453138.4702,6186.5,0.832,Sell
1585453177.3496,6190.5,0.436,Sell
1585453199.3543,6190.5,0.114,Sell
1585453210.3561,6190.5,0.449,Sell
1585453231.4486,6191.0,0.01,Buy
1585453237.3504,6194.5,0.381,Buy
1585453242.3602,6194.5,2.983,Buy
1585453255.3522,6194.5,0.764,Sell
1585453273.3552,6194.0,0.151,Buy
1585453293.5945,6195.0,0.2,Buy
1585453309.3595,6195.0,0.936,Sell
1585453319.3614,6193.5,0.045,Sell
1585453357.3495,6194.0,0.509,Sell
1585453383.3513,6194.0,4.909,Buy
1585453461.3637,6194.5,0.001,Sell
1585453497.3685,6194.5,0.412,Sell
1585453505.9374,6195.0,0.01,Buy
1585453505.9374,6195.5,0.053,Buy
1585453513.9856,6195.0,0.04,Sell
1585453525.9644,6195.5,0.114,Buy
1585453533.3752,6195.0,0.978,Sell
1585453542.4489,6198.0,0.585,Buy
1585453542.6484,6198.0,0.961,Buy
1585453542.7486,6198.0,0.696,Buy
1585453572.3814,6199.5,0.191,Sell
1585453593.7486,6200.0,0.008,Buy
1585453593.7486,6200.0,0.11,Buy
1585453593.8505,6200.0,0.1,Buy
1585453593.9487,6200.0,0.304,Buy
1585453594.0487,6200.0,0.962,Buy
1585453594.1486,6200.0,0.1,Buy
1585453594.2486,6200.0,1.443,Buy
1585453607.3939,6203.0,0.71,Sell
1585453647.4054,6204.5,0.316,Sell
1585453666.4999,6200.0,0.05,Sell
1585453666.4999,6199.5,0.013,Sell
1585453683.4099,6199.5,0.339,Sell
1585453699.6688,6199.5,0.116,Sell
1585453701.4202,6200.0,0.588,Sell
1585453737.4248,6202.5,0.045,Buy
1585453755.4265,6202.5,0.146,Buy
1585453773.4294,6202.0,0.526,Sell
1585453881.4437,6202.5,0.7,Buy
1585453935.4482,6202.5,0.033,Sell
1585453945.4488,6202.5,0.003,Sell
1585453947.4365,6203.0,0.003,Buy
1585453989.4526,6202.5,0.404,Sell
1585454018.4546,6202.5,3.316,Sell
1585454047.4575,6202.5,0.161,Sell
1585454076.4592,6202.5,0.51,Sell
1585454105.4619,6202.5,0.596,Sell
1585454125.4637,6202.5,0.94,Sell
1585454153.248,6201.5,0.024,Sell
1585454153.4758,6201.5,0.024,Sell
1585454165.4682,6201.5,0.841,Buy
1585454185.4752,6202.5,0.762,Buy
1585454193.477,6202.5,0.547,Buy
1585454201.4799,6202.5,0.151,Sell
1585454259.4927,6199.5,0.435,Buy
1585454265.9504,6199.5,0.332,Buy
1585454280.4944,6199.5,0.643,Buy
1585454301.4984,6200.0,0.16,Buy
1585454343.3475,6194.0,0.33,Sell
1585454343.3475,6195.0,0.01,Sell
1585454343.3475,6199.0,0.01,Sell
1585454349.5058,6195.0,0.56,Buy
1585454359.5105,6194.5,0.33,Sell
1585454377.3497,6198.5,0.672,Sell
1585454380.0973,6198.5,0.15,Sell
1585454389.9747,6199.0,0.005,Buy
1585454397.501,6197.0,0.005,Sell
1585454397.6886,6197.0,0.005,Sell
1585454406.396,6196.0,0.005,Buy
1585454437.3498,6191.5,0.736,Sell
1585454441.3516,6191.5,0.165,Sell
1585454445.3544,6191.0,0.593,Sell
1585454447.6198,6191.5,0.01,Buy
1585454460.6081,6191.0,0.01,Sell
1585454497.3498,6195.0,0.342,Sell
1585454498.3515,6195.0,0.664,Sell
1585454499.3545,6194.5,0.791,Sell
1585454528.2487,6195.5,0.008,Buy
1585454535.2182,6198.5,0.971,Sell
1585454557.3497,6196.0,0.734,Buy
1585454565.3514,6196.0,0.552,Sell
1585454573.3541,6197.5,0.779,Sell
1585454581.3559,6196.0,0.527,Buy
1585454617.3497,6195.5,0.287,Sell
1585454639.3514,6195.5,0.482,Sell
1585454661.3543,6195.5,0.069,Buy
1585454705.3642,6195.5,0.399,Buy
1585454723.3659,6194.5,0.889,Sell
1585454759.3705,6196.0,0.487,Sell
1585454777.3732,6195.5,4.855,Buy
1585454781.375,6196.5,0.312,Sell
1585454785.3777,6196.0,0.463,Sell
1585454826.3514,6196.0,0.376,Sell
1585454855.3541,6196.5,0.895,Sell
1585454913.3629,6198.5,2.977,Sell
1585454929.3647,6198.5,0.701,Sell
1585454945.3675,6197.5,0.847,Sell
1585454961.3692,6197.5,0.774,Sell
1585454977.3771,6197.5,0.571,Sell
1585455037.3497,6198.5,3.243,Sell
1585455052.3515,6198.0,0.534,Sell
1585455067.3545,6197.5,0.188,Sell
1585455097.3591,6191.5,0.128,Sell
1585455098.0057,6191.0,0.104,Sell
1585455098.0057,6191.0,0.01,Sell
1585455123.2981,6191.0,4.0,Buy
1585455124.3609,6191.5,0.521,Buy
1585455212.3749,6192.0,0.464,Buy
1585455219.3777,6194.5,0.686,Sell
1585455277.3497,6190.5,0.105,Sell
1585455278.3515,6190.5,2.764,Sell
1585455333.0184,6190.0,0.103,Sell
1585455351.3539,6190.5,0.218,Buy
1585455392.2942,6190.5,0.107,Buy
1585455481.3586,6190.5,0.131,Buy
1585455653.3813,6191.0,0.694,Buy
1585455668.8302,6190.5,0.15,Buy
1585455790.3537,6190.5,0.033,Buy
1585455790.3537,6190.5,0.967,Buy
1585455958.3653,6190.5,0.444,Sell
1585455997.3728,6191.5,0.763,Buy
1585456006.3746,6192.0,1.68,Sell
1585456015.3775,6192.5,0.794,Sell
1585456024.3793,6190.5,0.989,Sell
1585456026.246,6190.0,0.15,Sell
1585456110.286,6190.5,0.071,Sell
1585456125.3514,6191.5,0.278,Sell
1585456133.3543,6191.5,0.113,Sell
1585456141.3561,6191.5,0.113,Sell
1585456141.3561,6191.5,0.822,Sell
1585456145.0073,6192.0,0.422,Sell
1585456177.3497,6191.5,0.642,Buy
1585456192.3514,6190.5,0.337,Sell
1585456195.5806,6190.5,0.2,Sell
1585456237.3585,6192.0,0.094,Sell
1585456265.3604,6199.5,0.798,Sell
1585456268.06,6198.5,0.001,Buy
1585456281.8053,6196.0,0.053,Buy
1585456313.383,6197.0,0.103,Buy
1585456357.3738,6199.5,1.908,Sell
1585456365.3765,6199.5,2.909,Sell
1585456381.3809,6199.5,0.038,Sell
1585456382.2488,6200.0,0.017,Buy
1585456391.3827,6202.5,0.766,Buy
1585456401.3864,6202.5,0.499,Sell
1585456411.3882,6202.5,0.195,Sell
1585456421.3963,6202.5,0.013,Sell
1585456437.401,6201.5,0.807,Sell
1585456445.4027,6201.5,0.443,Sell
1585456470.5743,6201.5,0.145,Buy
1585456477.3495,6201.0,0.546,Sell
1585456521.3542,6196.5,4.599,Sell
1585456543.3559,6196.5,0.49,Sell
1585456567.3655,6196.5,0.621,Sell
1585456569.3685,6196.5,0.741,Sell
1585456589.9317,6197.0,0.15,Buy
1585456591.1535,6197.0,0.076,Buy
1585456591.1535,6198.0,0.074,Buy
1585456592.1518,6198.5,0.076,Buy
1585456597.3495,6197.0,0.156,Sell
1585456620.3513,6198.0,0.75,Buy
1585456628.1896,6197.5,0.012,Sell
1585456643.3541,6197.5,0.376,Sell
1585456689.3585,6195.0,0.678,Sell
1585456694.3603,6195.0,4.698,Sell
1585456699.3643,6196.0,0.211,Buy
1585456704.3661,6196.0,0.107,Sell
1585456729.3513,6196.5,0.58,Sell
1585456753.356,6196.5,0.42,Sell
1585456769.3951,6195.5,0.15,Sell
1585456785.3513,6195.5,0.777,Sell
1585456785.9647,6195.5,0.05,Sell
1585456789.2001,6195.5,0.05,Sell
1585456790.38,6195.5,0.05,Sell
1585456793.3543,6195.5,1.978,Sell
1585456793.3543,6195.5,2.657,Sell
1585456798.1332,6195.5,0.01,Sell
1585456837.3496,6195.0,0.755,Sell
1585456863.6499,6190.5,0.012,Buy
1585456906.3559,6191.5,0.534,Sell
1585456929.3628,6192.0,0.154,Sell
1585456955.3676,6194.5,0.897,Sell
1585456981.3737,6194.0,0.995,Sell
1585456995.3782,6194.0,0.464,Sell
1585457002.38,6194.5,1.395,Sell
1585457017.3497,6193.0,0.18,Sell
1585457037.3542,6194.0,0.464,Sell
1585457074.7681,6192.0,1.0,Sell
1585457077.3496,6192.0,0.314,Sell
1585457079.6658,6192.5,0.174,Buy
1585457083.3516,6191.5,4.023,Sell
1585457137.3496,6193.0,0.508,Sell
1585457164.3515,6194.5,0.024,Sell
1585457191.3544,6194.5,0.459,Sell
1585457218.3561,6194.5,0.737,Sell
1585457285.3788,6194.5,0.05,Buy
1585457397.3892,6193.5,0.972,Sell
1585457422.2089,6199.0,0.239,Buy
1585457441.3998,6197.5,0.149,Buy
1585457473.4043,6197.5,0.313,Sell
1585457489.0066,6198.5,0.011,Buy
1585457489.407,6198.0,4.952,Sell
1585457507.4089,6197.0,0.141,Buy
1585457543.4134,6197.5,0.63,Sell
1585457566.3818,6197.5,0.011,Sell
1585457570.419,6198.0,0.824,Sell
1585457579.422,6198.5,0.399,Sell
1585457635.3513,6198.5,0.512,Sell
1585457653.354,6198.5,0.342,Buy
1585457671.3558,6198.5,0.737,Buy
1585457690.2625,6198.0,0.07,Buy
1585457695.3632,6197.0,0.435,Buy
1585457745.3514,6197.0,0.4,Buy
1585457753.3542,6197.5,2.376,Buy
1585457761.3559,6196.5,0.333,Sell
1585457821.3514,6196.0,2.881,Sell
1585457845.3541,6198.0,0.444,Sell
1585457869.3558,6198.0,0.103,Buy
1585457893.3641,6197.5,0.924,Buy
1585457895.3658,6197.0,0.332,Buy
1585457897.3687,6197.0,0.708,Sell
1585457916.7663,6198.0,0.01,Buy
1585457917.3496,6197.5,4.75,Sell
1585457936.3514,6197.5,0.917,Sell
1585458252.2564,6198.0,0.01,Sell
1585458427.41,6191.0,0.231,Sell
1585458440.2365,6191.5,0.013,Buy
1585458464.7749,6190.5,0.007,Buy
1585458493.4173,6190.5,0.752,Sell
1585458510.5561,6190.0,0.247,Sell
1585458510.5561,6187.0,0.304,Sell
1585458521.4201,6187.5,0.202,Sell
1585458577.4318,6189.0,0.717,Sell
1585458584.4336,6189.5,4.049,Buy
1585458591.4363,6189.5,0.634,Sell
1585458598.438,6189.0,0.313,Buy
1585458637.3496,6189.5,0.65,Sell
1585458646.3514,6190.5,0.906,Buy
1585458655.3541,6190.5,0.769,Buy
1585458664.3558,6190.5,4.192,Buy
1585458687.931,6191.0,0.273,Buy
1585458697.3496,6190.5,0.905,Sell
1585458713.3513,6190.0,0.795,Sell
1585458729.354,6190.0,2.168,Buy
1585458745.3557,6191.5,0.303,Buy
1585458803.3648,6189.5,0.73,Sell
1585458817.3719,6189.5,0.016,Sell
1585458835.3737,6189.5,0.47,Buy
1585458853.3763,6190.0,0.822,Sell
1585458891.386,6189.5,1.185,Buy
1585459086.7838,6185.0,0.038,Sell
1585459086.7838,6189.0,0.01,Sell
1585459211.2859,6185.0,0.048,Sell
1585459265.0946,6185.0,0.014,Sell
1585459265.0946,6184.0,0.16,Sell
1585459287.3666,6184.0,0.5,Sell
1585459355.3788,6184.5,1.576,Buy
1585459385.2974,6184.0,1.0,Sell
1585459394.8687,6184.0,1.0,Sell
1585459396.6666,6184.0,1.0,Sell
1585459397.9564,6184.0,1.0,Sell
1585459401.9749,6184.0,0.9,Sell
1585459497.6882,6184.0,0.002,Sell
1585459503.7804,6180.0,0.273,Sell
1585459504.9217,6180.0,0.227,Sell
1585459521.7156,6171.0,0.085,Sell
1585459521.7209,6171.0,0.346,Sell
1585459521.7211,6171.5,0.1,Buy
1585459525.2027,6171.5,0.02,Buy
1585459600.5201,6167.0,1.931,Sell
1585459600.5201,6171.0,0.069,Sell
1585459600.5254,6167.0,0.66,Sell
1585459600.5259,6167.0,0.33,Sell
1585459600.5259,6167.0,0.27,Sell
1585459600.5263,6167.0,0.2,Sell
1585459610.092,6166.0,0.01,Sell
1585459616.6967,6166.0,0.092,Sell
1585459642.3713,6166.0,0.021,Sell
1585459642.3713,6165.0,0.014,Sell
1585459643.3544,6165.5,2.755,Sell
1585459666.3562,6165.5,0.623,Sell
1585459676.475,6165.0,0.148,Sell
1585459687.8848,6165.5,1.0,Buy
1585459694.3646,6165.0,0.05,Sell
1585459694.3646,6160.5,2.651,Sell
1585459694.3646,6165.0,0.1,Sell
1585459694.3646,6165.0,0.199,Sell
1585459694.37,6160.5,0.02,Sell
1585459696.8284,6164.0,2.578,Buy
1585459696.8284,6164.5,0.117,Buy
1585459721.7488,6164.5,0.025,Buy
1585459745.3691,6168.5,0.969,Buy
1585459747.1122,6170.5,0.3,Buy
1585459773.3708,6169.5,0.352,Buy
1585459787.5173,6170.0,0.05,Buy
1585459787.5173,6170.0,0.05,Buy
1585459788.5487,6170.0,0.05,Buy
1585459788.9487,6171.5,0.018,Buy
1585459788.9487,6171.5,0.01,Buy
1585459792.6853,6176.0,0.1,Buy
1585459792.6907,6174.0,0.2,Sell
1585459801.3737,6170.0,0.865,Sell
1585459805.072,6169.0,0.05,Sell
1585459810.5189,6170.5,0.05,Buy
1585459814.3487,6176.0,0.1,Buy
1585459820.3755,6178.5,0.28,Sell
1585459825.1159,6183.5,0.5,Buy
1585459825.1211,6184.0,2.316,Buy
1585459825.1211,6184.0,0.534,Buy
1585459825.1211,6183.5,3.133,Buy
1585459833.6968,6183.5,0.144,Buy
1585459839.3784,6180.5,0.483,Sell
1585459848.3743,6182.5,2.0,Buy
1585459853.0241,6180.5,0.1,Buy
1585459867.0487,6181.5,0.1,Buy
1585459867.1487,6181.5,0.1,Buy
1585459867.2486,6182.0,0.1,Buy
1585459867.3487,6184.0,0.1,Buy
1585459872.9276,6184.0,0.05,Buy
1585459885.2576,6181.5,0.05,Sell
1585459925.3988,6180.5,0.843,Sell
1585459939.4005,6180.5,0.691,Sell
1585459953.4054,6180.5,0.152,Sell
1585459953.4054,6180.5,0.536,Sell
1585459972.4073,6180.5,0.155,Sell
1585459972.4073,6180.5,0.647,Sell
1585459978.5487,6182.0,0.02,Buy
1585459991.4103,6180.5,0.693,Sell
1585460008.1314,6179.5,0.023,Sell
1585460010.412,6180.0,0.316,Buy
1585460029.4199,6179.5,0.541,Buy
1585460051.4217,6180.0,0.553,Sell
1585460073.4246,6178.5,3.62,Sell
1585460095.4264,6177.0,0.18,Buy
1585460103.3482,6176.5,0.017,Sell
1585460117.4291,6175.5,0.584,Sell
1585460129.1231,6175.0,0.008,Sell
1585460129.4345,6175.5,0.513,Sell
1585460141.4435,6178.5,0.411,Sell
1585460144.4452,6178.0,0.467,Sell
1585460147.4482,6178.0,0.483,Sell
1585460148.4731,6177.5,0.004,Sell
1585460150.45,6179.5,0.557,Buy
1585460195.3336,6177.0,0.001,Buy
1585460197.3498,6176.5,0.27,Sell
1585460302.3602,6175.5,0.665,Buy
1585460315.1437,6171.5,2.239,Sell
1585460315.1437,6171.0,0.759,Sell
1585460315.1437,6175.0,0.002,Sell
1585460323.3631,6174.0,0.945,Sell
1585460344.3648,6173.5,0.79,Buy
1585460365.3708,6174.5,0.451,Sell
1585460387.3756,6176.0,0.469,Buy
1585460409.3801,6176.5,0.936,Sell
1585460420.3819,6172.5,0.502,Sell
1585460431.3846,6173.0,0.632,Buy
1585460453.3942,6171.0,0.702,Sell
1585460462.396,6171.0,0.912,Buy
1585460471.3989,6168.5,0.367,Sell
1585460480.4007,6170.5,0.859,Sell
1585460497.3502,6170.5,1.53,Buy
1585460519.3519,6175.0,0.908,Sell
1585460541.3547,6173.5,0.179,Sell
1585460563.3564,6173.0,0.538,Sell
1585460585.3644,6170.5,4.767,Sell
1585460586.3662,6170.5,0.623,Sell
1585460587.3704,6170.5,0.957,Buy
1585460588.3721,6171.0,0.012,Buy
1585460617.3503,6170.0,0.228,Buy
1585460625.352,6172.0,0.717,Sell
1585460641.3565,6172.5,0.126,Sell
1585460649.3603,6173.5,0.611,Sell
1585460651.362,6173.5,0.611,Sell
1585460651.362,6173.5,4.334,Sell
1585460677.3497,6173.5,0.106,Sell
1585460677.3497,6173.5,0.611,Sell
1585460679.3543,6170.5,0.157,Buy
1585460680.356,6170.5,2.007,Buy
1585460720.9848,6174.5,0.551,Buy
1585460737.3496,6172.0,0.968,Sell
1585460762.3514,6171.5,0.381,Buy
1585460787.3543,6172.5,2.641,Sell
1585460837.3597,6174.5,0.41,Sell
1585460839.6237,6175.0,0.02,Buy
1585460839.6237,6175.0,0.18,Buy
1585460858.3615,6174.5,0.778,Sell
1585460879.3645,6174.5,0.339,Buy
1585460882.0578,6175.0,0.05,Buy
1585460900.3662,6174.5,0.779,Sell
1585460921.3717,6174.5,0.061,Sell
1585460939.3764,6174.5,0.633,Sell
1585460948.3781,6173.0,0.939,Sell
1585460976.2978,6174.5,0.217,Sell
1585460993.3541,6173.0,0.715,Sell
1585461009.3597,6173.0,0.191,Sell
1585461035.0085,6172.0,0.092,Buy
1585461037.3496,6172.0,0.636,Buy
1585461061.3513,6171.0,0.542,Sell
1585461085.3541,6169.5,2.805,Buy
1585461109.3558,6169.0,2.203,Sell
1585461132.5462,6169.5,0.9,Sell
1585461158.3656,6169.5,0.902,Sell
1585461198.9962,6169.5,0.5,Sell
1585461255.3748,6169.5,0.076,Sell
1585461277.378,6169.5,0.637,Sell
1585461321.388,6169.5,0.147,Sell
1585461335.3898,6169.5,0.494,Sell
1585461377.4594,6169.5,0.12,Sell
1585461380.405,6170.5,0.001,Sell
1585461381.4089,6170.5,0.364,Sell
1585461392.5488,6170.5,0.1,Sell
1585461392.6484,6170.5,0.1,Sell
1585461392.75,6170.5,0.1,Sell
1585461392.8486,6168.0,0.01,Sell
1585461392.8486,6170.5,0.064,Sell
1585461397.3496,6164.0,0.719,Sell
1585461397.3546,6165.5,0.023,Buy
1585461401.3513,6165.0,0.494,Sell
1585461405.3542,6164.5,0.25,Sell
1585461412.2349,6162.5,0.14,Sell
1585461412.2349,6163.0,0.01,Sell
1585461426.7508,6162.0,0.05,Sell
1585461427.0486,6160.0,0.1,Sell
1585461427.5487,6157.0,0.1,Sell
1585461427.9487,6155.0,0.1,Sell
1585461430.0888,6149.5,0.015,Sell
1585461430.0942,6149.5,0.412,Sell
1585461430.944,6147.0,0.044,Sell
1585461430.9442,6147.0,0.2,Sell
1585461430.9444,6147.0,0.233,Sell
1585461430.9445,6147.0,0.208,Sell
1585461432.7486,6145.0,0.1,Sell
1585461432.7539,6140.5,0.186,Sell
1585461447.6406,6148.0,0.5,Sell
1585461457.3497,6151.5,0.533,Sell
1585461466.8615,6153.0,0.073,Buy
1585461470.3514,6152.0,0.409,Buy
1585461483.3542,6150.0,0.782,Sell
1585461484.3382,6150.0,0.009,Buy
1585461491.2528,6146.5,0.009,Sell
1585461495.9814,6146.0,2.205,Buy
1585461496.3559,6145.0,4.541,Sell
1585461499.1959,6143.5,2.659,Sell
1585461499.1959,6143.5,2.341,Sell
1585461517.3496,6146.5,0.811,Buy
1585461536.3513,6148.5,0.235,Sell
1585461536.3564,6149.0,5.0,Buy
1585461555.354,6147.0,0.045,Sell
1585461558.963,6146.0,0.007,Buy
1585461563.9968,6146.5,0.007,Sell
1585461583.251,6145.0,0.001,Sell
1585461593.3583,6141.0,0.703,Sell
1585461605.3627,6139.0,0.834,Buy
1585461605.3679,6135.5,0.81,Sell
1585461605.3679,6138.0,3.323,Sell
1585461605.3679,6135.5,1.01,Sell
1585461605.3679,6138.0,1.082,Sell
1585461605.3679,6136.0,2.217,Sell
1585461605.3679,6136.0,1.81,Sell
1585461605.3679,6136.5,1.169,Sell
1585461605.3679,6136.5,2.37,Sell
1585461605.3679,6136.5,0.52,Sell
1585461605.3679,6136.0,2.213,Sell
1585461605.3679,6136.5,1.406,Sell
1585461605.3679,6138.0,0.991,Sell
1585461605.3679,6137.0,1.723,Sell
1585461605.3679,6137.5,4.465,Sell
1585461605.3679,6137.5,1.308,Sell
1585461605.3679,6138.0,3.647,Sell
1585461605.3679,6137.5,1.019,Sell
1585461605.3679,6137.5,2.267,Sell
1585461605.3679,6137.0,3.221,Sell
1585461605.3679,6138.0,3.005,Sell
1585461605.3679,6134.5,1.206,Sell
1585461605.3679,6138.5,3.792,Sell
1585461605.3679,6138.5,3.826,Sell
1585461605.3679,6134.5,3.26,Sell
1585461605.3679,6135.0,2.22,Sell
1585461605.3679,6135.0,4.62,Sell
1585461605.3751,6134.5,0.473,Sell
1585461611.3645,6141.0,0.751,Buy
1585461637.3496,6143.0,0.155,Sell
1585461648.3515,6143.5,0.286,Sell
1585461649.8127,6147.0,0.011,Buy
1585461659.3542,6145.5,0.709,Sell
1585461697.3498,6150.0,0.499,Buy
1585461697.3552,6151.0,0.15,Buy
1585461697.3557,6151.0,0.34,Buy
1585461704.3044,6152.0,1.0,Buy
1585461711.7487,6149.0,0.006,Sell
1585461712.7338,6142.5,0.011,Buy
1585461726.3515,6143.0,0.111,Sell
1585461755.3554,6149.5,0.021,Sell
1585461813.364,6148.5,0.653,Sell
1585461813.588,6149.0,0.002,Buy
1585461817.8693,6149.0,0.025,Sell
1585461838.3658,6148.5,4.284,Buy
1585461888.3705,6149.0,3.985,Sell
1585461911.6285,6150.0,0.024,Buy
1585461913.3774,6149.5,0.991,Sell
1585461917.3792,6149.5,0.557,Sell
1585461921.3821,6149.5,3.311,Sell
1585461925.3839,6149.5,0.558,Sell
1585461939.3543,6149.5,0.76,Sell
1585461940.356,6149.5,0.533,Sell
1585461950.3502,6150.0,0.076,Buy
1585461951.8486,6152.0,0.03,Buy
1585461975.5094,6153.5,3.002,Buy
1585461989.916,6154.0,0.006,Sell
1585462015.7521,6155.5,0.1,Buy
1585462023.0608,6156.0,0.1,Buy
1585462023.063,6156.0,0.1,Buy
1585462024.2623,6156.0,0.1,Buy
1585462025.0934,6155.5,0.1,Buy
1585462025.3513,6155.0,0.09,Sell
1585462025.8042,6155.5,0.1,Buy
1585462027.8243,6155.5,0.1,Buy
1585462027.8299,6155.5,0.1,Buy
1585462044.5853,6155.0,0.01,Buy
1585462044.9181,6155.0,0.01,Buy
1585462045.2617,6155.5,0.01,Buy
1585462045.5005,6155.5,0.01,Buy
1585462045.856,6155.5,0.01,Buy
1585462046.0066,6155.5,0.01,Buy
1585462048.9103,6155.5,0.01,Buy
1585462049.1207,6155.5,0.01,Buy
1585462049.4086,6155.5,0.01,Buy
1585462053.3542,6155.0,0.097,Sell
1585462094.7487,6145.0,0.01,Sell
1585462109.3586,6146.5,4.18,Sell
1585462120.3605,6145.5,0.479,Buy
1585462131.3633,6146.5,0.542,Sell
1585462142.3651,6147.0,0.766,Sell
1585462153.3679,6142.5,0.638,Buy
1585462169.3696,6140.5,0.76,Buy
1585462183.3931,6143.0,0.5,Sell
1585462185.3724,6145.5,0.759,Sell
1585462201.3742,6146.5,0.039,Sell
1585462217.3784,6147.5,0.08,Sell
1585462242.3803,6144.0,0.582,Sell
1585462267.3832,6144.5,0.641,Sell
1585462269.2035,6144.0,1.0,Sell
1585462292.3849,6143.5,0.928,Sell
1585462317.3878,6143.5,0.77,Buy
1585462330.8708,6135.0,0.05,Sell
1585462330.8708,6135.0,0.1,Sell
1585462339.9318,6134.5,0.024,Buy
1585462346.3896,6136.0,0.908,Sell
1585462375.3924,6137.5,0.683,Buy
1585462404.3941,6142.0,0.193,Sell
1585462433.4021,6138.5,0.013,Sell
1585462457.4069,6137.5,0.011,Sell
1585462469.4086,6129.5,0.835,Sell
1585462469.4139,6130.5,0.044,Buy
1585462469.4141,6129.5,0.1,Sell
1585462469.4145,6129.5,0.3,Sell
1585462481.4115,6132.0,0.928,Buy
1585462484.568,6132.5,0.024,Buy
1585462503.6388,6133.5,0.5,Buy
1585462506.4133,6134.5,0.748,Buy
1585462507.3386,6135.0,0.024,Buy
1585462514.1417,6132.5,0.02,Sell
1585462519.4443,6135.0,0.024,Buy
1585462526.0489,6135.0,0.062,Buy
1585462531.4164,6136.5,0.484,Buy
1585462538.5948,6134.5,0.734,Sell
1585462556.4182,6139.5,0.664,Buy
1585462581.4233,6137.0,0.791,Buy
1585462582.425,6137.0,0.513,Buy
1585462583.4302,6138.0,0.315,Sell
1585462588.2414,6139.5,0.098,Buy
1585462597.9037,6139.0,1.0,Buy
1585462624.7725,6138.5,0.2,Sell
1585462647.7247,6139.0,1.683,Buy
1585462649.7043,6138.0,0.01,Sell
1585462649.7043,6135.0,0.11,Sell
1585462675.444,6137.5,0.681,Sell
1585462681.7491,6139.5,0.01,Buy
1585462700.4458,6142.5,0.736,Sell
1585462725.4487,6143.0,0.529,Sell
1585462750.4504,6143.5,0.473,Sell
1585462756.2329,6144.0,0.5,Buy
1585462774.7263,6144.0,0.17,Buy
1585462774.7263,6144.5,0.01,Buy
1585462774.7263,6145.0,0.381,Buy
1585462775.4546,6144.5,0.311,Sell
1585462781.4566,6144.5,0.996,Sell
1585462787.4593,6145.0,0.008,Sell
1585462799.4649,6145.5,0.093,Sell
1585462810.4666,6146.0,0.154,Sell
1585462821.4696,6147.5,0.992,Sell
1585462825.3499,6148.0,0.001,Buy
1585462843.4783,6146.5,0.665,Buy
1585462848.4801,6147.5,4.753,Sell
1585462853.4831,6146.0,0.655,Buy
1585462868.0626,6148.0,1.624,Sell
1585462868.7769,6148.0,0.001,Sell
1585462883.3338,6152.0,0.453,Buy
1585462890.1656,6150.0,0.183,Buy
1585462897.3497,6150.5,0.443,Sell
1585462907.7311,6151.0,0.01,Buy
1585462911.3542,6149.0,0.083,Sell
1585462918.3559,6148.5,0.65,Sell
1585462951.1521,6149.0,1.624,Buy
1585462957.3496,6148.5,0.102,Sell
1585462959.3513,6148.5,0.548,Buy
1585462961.354,6148.5,0.319,Sell
1585463017.3496,6148.5,0.887,Sell
1585463027.3513,6146.5,0.302,Sell
1585463028.4486,6146.0,0.02,Sell
1585463037.3542,6142.5,0.317,Sell
1585463037.3593,6142.0,0.5,Sell
1585463047.3559,6144.5,0.269,Buy
1585463077.3497,6143.5,0.653,Sell
1585463092.6849,6146.5,0.5,Sell
1585463094.5904,6148.5,0.008,Buy
1585463104.3522,6147.5,0.716,Sell
1585463131.3553,6149.5,0.619,Buy
1585463158.357,6149.5,0.312,Sell
1585463162.4486,6149.0,0.017,Sell
1585463183.6564,6146.0,1.0,Buy
1585463185.3642,6149.0,4.895,Sell
1585463191.3689,6146.0,0.538,Sell
1585463197.3735,6146.0,0.751,Sell
1585463212.3753,6146.0,0.351,Sell
1585463227.3781,6147.0,0.339,Sell
1585463237.0493,6149.0,0.014,Buy
1585463239.1486,6150.0,0.01,Buy
1585463257.3827,6154.5,0.397,Buy
1585463263.3847,6154.5,0.699,Sell
1585463269.3875,6154.5,0.219,Sell
1585463393.3514,6154.5,0.216,Sell
1585463401.7152,6154.5,0.017,Sell
1585463406.7848,6155.0,0.01,Buy
1585463406.7848,6155.5,0.004,Buy
1585463409.3544,6156.0,0.368,Sell
1585463428.2456,6154.0,0.002,Sell
1585463460.3616,6155.5,0.195,Sell
1585463460.3616,6155.5,0.311,Sell
1585463479.3667,6156.5,0.635,Sell
1585463518.094,6156.5,0.5,Buy
1585463529.4637,6155.5,0.099,Sell
1585463535.3714,6156.5,0.554,Buy
1585463591.3771,6156.0,2.253,Sell
1585463613.3789,6156.5,3.983,Buy
1585463627.0374,6157.0,0.5,Buy
1585463657.3837,6155.5,0.096,Sell
1585463657.3837,6155.5,0.566,Sell
1585463660.5668,6155.5,0.143,Sell
1585463673.2007,6156.0,0.092,Buy
1585463701.3894,6155.5,0.286,Sell
1585463727.9488,6154.0,0.008,Sell
1585463728.4001,6150.0,0.053,Sell
1585463728.4001,6149.5,0.521,Sell
1585463735.1689,6150.5,0.817,Sell
1585463745.3941,6150.5,0.853,Buy
1585463783.4106,6150.5,0.271,Sell
1585463823.0489,6151.0,0.01,Buy
1585463841.4197,6154.0,0.427,Buy
1585463862.4214,6154.5,0.384,Sell
1585463883.4322,6151.0,0.993,Sell
1585463895.434,6150.5,2.081,Sell
1585463907.437,6150.5,0.572,Buy
1585463919.4388,6150.5,2.251,Sell
1585463931.4415,6151.0,1.18,Buy
1585463979.4461,6150.5,0.77,Sell
1585464003.4478,6150.5,0.511,Sell
1585464003.4478,6150.5,0.23,Sell
1585464033.4523,6150.5,0.192,Sell
1585464039.4552,6150.5,0.622,Sell
1585464045.4569,6150.5,0.173,Sell
1585464051.4651,6150.5,0.68,Sell
1585464055.4669,6150.5,0.338,Sell
1585464059.4697,6150.5,0.195,Sell
1585464063.4714,6150.5,0.171,Buy
1585464178.7161,6147.5,0.99,Sell
1585464178.7161,6150.0,0.01,Sell
1585464213.3585,6145.5,0.118,Buy
1585464263.3631,6142.0,0.628,Sell
1585464315.3694,6142.5,0.414,Sell
1585464317.3722,6142.0,3.501,Sell
1585464321.379,6142.5,0.839,Sell
1585464352.7394,6141.5,2.0,Sell
1585464427.3944,6143.5,3.674,Sell
1585464498.4072,6144.5,0.079,Sell
1585464517.4101,6144.5,0.532,Sell
1585464536.4118,6144.5,0.017,Sell
1585464555.4147,6143.5,0.003,Buy
1585464580.4165,6144.0,0.645,Buy
1585464585.4276,6144.5,1.0,Buy
1585464638.1056,6144.0,0.67,Buy
1585464687.8489,6144.5,0.01,Buy
1585464687.9488,6145.0,0.211,Buy
1585464687.9488,6145.0,0.01,Buy
1585464697.3497,6146.5,0.46,Sell
1585464720.3515,6147.0,0.759,Sell
1585464722.3592,6147.5,0.2,Buy
1585464725.6642,6146.5,0.076,Sell
1585464766.3562,6148.5,0.38,Buy
1585464777.4864,6150.5,0.018,Buy
1585464789.36,6149.5,0.684,Sell
1585464814.3617,6148.0,0.505,Sell
1585464839.3644,6148.0,0.455,Sell
1585464843.3061,6148.5,2.994,Buy
1585464851.3552,6146.0,1.851,Sell
1585464851.3552,6146.0,0.903,Sell
1585464851.3552,6146.0,2.41,Sell
1585464851.3552,6144.0,2.36,Sell
1585464851.3552,6146.0,1.585,Sell
1585464851.3552,6142.5,1.87,Sell
1585464851.3552,6142.5,1.07,Sell
1585464851.3552,6143.0,4.13,Sell
1585464851.3552,6143.0,0.01,Sell
1585464851.3552,6144.0,1.45,Sell
1585464851.3552,6144.0,1.334,Sell
1585464851.3552,6144.0,1.15,Sell
1585464851.3552,6146.5,1.234,Sell
1585464851.3552,6144.0,0.01,Sell
1585464851.3552,6144.5,0.5,Sell
1585464851.3552,6144.5,2.703,Sell
1585464851.3552,6145.0,0.97,Sell
1585464851.3552,6145.0,1.797,Sell
1585464851.3552,6145.0,0.946,Sell
1585464851.3552,6145.5,3.024,Sell
1585464851.3552,6145.5,0.561,Sell
1585464851.3552,6144.5,0.83,Sell
1585464851.3552,6146.5,3.235,Sell
1585464851.3552,6145.5,1.943,Sell
1585464851.3552,6146.5,1.379,Sell
1585464851.3552,6146.5,1.576,Sell
1585464851.3552,6146.5,1.605,Sell
1585464851.3552,6147.0,3.277,Sell
1585464851.3552,6147.0,3.579,Sell
1585464851.3552,6146.5,0.708,Sell
1585464864.3663,6145.5,0.251,Sell
1585464908.3707,6144.5,0.708,Buy
1585465135.561,6144.5,0.06,Buy
1585465135.561,6146.0,0.01,Buy
1585465135.561,6146.5,0.352,Buy
1585465142.4094,6146.0,0.261,Sell
1585465251.43,6147.5,0.212,Sell
1585465333.4392,6152.0,0.748,Sell
1585465387.6951,6153.5,0.006,Sell
1585465433.4533,6153.0,0.371,Sell
1585465485.4631,6151.5,0.887,Sell
1585465491.4649,6150.5,0.393,Buy
1585465497.4676,6151.0,0.645,Sell
1585465502.7092,6152.0,0.02,Buy
1585465537.3496,6152.5,0.973,Buy
1585465541.3513,6153.0,0.258,Sell
1585465545.3542,6152.5,0.001,Sell
1585465597.3496,6153.0,4.804,Sell
1585465612.3513,6153.0,0.122,Sell
1585465627.3542,6153.0,0.608,Sell
1585465657.3644,6153.0,0.685,Sell
1585465658.3662,6153.0,3.389,Sell
1585465658.9299,6155.0,0.01,Buy
1585465658.9299,6153.5,0.011,Buy
1585465658.9299,6155.5,0.774,Buy
1585465659.371,6154.5,0.315,Sell
1585465691.2499,6156.0,0.805,Buy
1585465717.3496,6153.0,0.536,Sell
1585465721.3544,6153.0,0.197,Sell
1585465777.3496,6153.0,0.239,Sell
1585465803.3543,6153.0,0.566,Sell
1585465837.3495,6153.0,2.986,Sell
1585465875.3541,6152.5,2.748,Sell
1585465895.8792,6153.5,0.27,Buy
1585465895.8792,6156.5,1.121,Buy
1585465929.316,6156.0,0.01,Sell
1585465940.3602,6157.5,0.627,Buy
1585466021.3751,6161.5,0.408,Sell
1585466021.3808,6162.0,0.1,Buy
1585466032.3768,6161.5,0.832,Buy
1585466043.3795,6163.0,0.756,Sell
1585466098.3521,6153.5,0.781,Sell
1585466119.355,6159.0,0.301,Sell
1585466161.3595,6156.5,0.061,Buy
1585466186.3612,6156.5,0.357,Sell
1585466211.3642,6156.5,1.849,Sell
1585466261.3687,6157.0,0.709,Sell
1585466267.3705,6157.0,0.045,Sell
1585466273.3733,6156.5,2.356,Sell
1585466291.7282,6157.0,0.018,Sell
1585466291.941,6157.0,0.018,Sell
1585466297.4948,6157.5,0.018,Buy
1585466297.7036,6157.5,0.018,Buy
1585466468.2486,6156.0,0.32,Sell
1585466468.3486,6156.0,0.199,Sell
1585466468.4487,6156.0,0.481,Sell
1585466480.3868,6153.0,0.011,Buy
1585466482.3555,6153.5,0.047,Sell
1585466496.4045,6151.5,0.018,Sell
1585466496.6173,6151.5,0.018,Sell
1585466497.3649,6152.5,0.463,Sell
1585466526.3667,6152.0,0.889,Sell
1585466554.4438,6152.0,3.0,Sell
1585466555.3693,6152.0,3.261,Sell
1585466569.663,6152.0,1.0,Sell
1585466584.371,6150.5,0.746,Sell
1585466613.3738,6151.5,0.581,Buy
1585466621.3781,6151.0,0.284,Sell
1585466625.3799,6151.5,0.375,Sell
1585466629.3838,6152.0,0.819,Sell
1585466641.3855,6151.5,0.646,Sell
1585466653.3906,6152.0,0.291,Sell
1585466672.3924,6151.5,0.646,Sell
1585466672.3924,6151.5,2.874,Sell
1585466691.3952,6152.5,0.469,Sell
1585466729.3996,6156.0,0.705,Sell
1585466741.4041,6154.0,0.309,Sell
1585466747.4059,6153.5,0.489,Sell
1585466753.4141,6150.5,0.375,Sell
1585466774.8153,6150.5,0.2,Sell
1585466776.1365,6150.5,3.0,Sell
1585466778.4158,6150.5,0.502,Sell
1585466807.4487,6150.0,0.02,Sell
1585466853.4231,6147.5,0.101,Sell
1585466880.4249,6147.5,0.253,Sell
1585466907.4279,6147.5,0.508,Sell
1585466934.4296,6147.5,0.596,Sell
1585466961.4387,6150.5,0.298,Sell
1585466970.4406,6151.5,0.522,Sell
1585466979.4471,6152.0,0.748,Sell
1585466988.4488,6151.5,0.777,Buy
1585466997.4527,6151.0,0.618,Sell
1585467009.4604,6149.5,0.629,Sell
1585467029.4621,6147.5,0.033,Sell
1585467049.4651,6146.5,3.227,Buy
1585467069.4668,6146.5,0.098,Sell
1585467069.4668,6146.5,0.05,Sell
1585467113.4714,6145.5,0.974,Sell
1585467137.4742,6147.0,0.664,Sell
1585467161.476,6144.5,0.266,Sell
1585467185.4846,6140.0,0.639,Sell
1585467197.4863,6143.5,0.645,Sell
1585467209.4893,6142.5,0.562,Buy
1585467221.4911,6141.5,0.05,Sell
1585467221.4911,6141.5,1.667,Sell
1585467233.5002,6141.5,3.098,Buy
1585467247.1894,6141.0,0.002,Buy
1585467261.5021,6138.5,0.446,Sell
1585467387.5223,6138.5,0.5,Sell
1585467387.5223,6138.5,0.363,Sell
1585467393.5487,6138.0,0.01,Sell
1585467398.524,6132.5,0.124,Sell
1585467409.5286,6131.5,1.002,Sell
1585467411.5304,6131.5,0.448,Sell
1585467413.5332,6131.5,0.257,Sell
1585467415.535,6131.5,0.393,Buy
1585467483.3513,6131.0,0.487,Sell
1585467485.7451,6131.0,0.387,Sell
1585467509.3539,6133.0,0.531,Sell
1585467530.3913,6134.5,0.006,Buy
1585467535.3556,6134.0,0.837,Buy
1585467588.8501,6135.0,0.002,Buy
1585467593.3643,6134.5,2.489,Sell
1585467609.366,6134.5,0.2,Sell
1585467609.366,6134.5,0.105,Sell
1585467625.3739,6131.5,0.064,Sell
1585467628.3756,6132.0,0.969,Sell
1585467631.3784,6132.0,0.486,Buy
1585467637.0485,6130.0,0.01,Sell
1585467637.3829,6126.0,0.046,Sell
1585467650.3847,6129.5,0.825,Sell
1585467663.3875,6128.5,1.599,Sell
1585467684.8521,6131.0,0.015,Sell
1585467736.9997,6132.0,0.01,Sell
1585467736.9997,6128.5,2.871,Sell
1585467740.4651,6129.0,0.361,Sell
1585467751.2232,6130.5,2.89,Sell
1585467765.3582,6129.5,0.187,Sell
1585467789.363,6125.5,0.482,Buy
1585467792.4487,6125.0,0.001,Sell
1585467793.36,6122.0,0.01,Sell
1585467793.36,6120.5,0.005,Sell
1585467817.3496,6123.0,0.18,Sell
1585467827.6788,6124.0,0.2,Buy
1585467829.3514,6120.5,0.458,Sell
1585467853.356,6121.0,0.951,Buy
1585467877.3496,6121.5,0.81,Buy
1585467890.5117,6122.0,0.011,Buy
1585467916.6486,6120.0,0.1,Sell
1585467916.7525,6120.0,0.2,Sell
1585467917.9487,6118.0,0.001,Sell
1585467950.6099,6113.5,0.177,Sell
1585467950.6099,6117.0,0.005,Sell
1585467950.6099,6115.5,0.018,Sell
1585467950.7166,6113.5,4.615,Sell
1585467950.7166,6113.5,6.272,Sell
1585467975.2384,6115.5,5.886,Buy
1585467975.2384,6115.0,7.922,Buy
1585467975.2384,6116.5,2.482,Buy
1585467975.2384,6117.0,1.841,Buy
1585467975.2384,6116.0,4.161,Buy
1585467975.2384,6118.0,0.937,Buy
1585467975.2384,6119.5,1.716,Buy
1585467975.2384,6117.5,8.869,Buy
1585467975.2384,6118.0,2.962,Buy
1585467975.2384,6118.0,5.656,Buy
1585467975.2384,6118.5,1.456,Buy
1585467975.2384,6119.0,3.376,Buy
1585467975.2384,6119.0,2.736,Buy
1585468005.3631,6116.5,0.468,Sell
1585468017.3674,6117.0,0.847,Sell
1585468073.3605,6117.0,0.085,Sell
1585468106.2579,6113.0,0.01,Sell
1585468133.3775,6111.5,0.607,Sell
1585468135.9217,6111.0,2.672,Sell
1585468135.9217,6111.0,0.222,Sell
1585468135.9217,6111.5,0.1,Sell
1585468157.9524,6110.0,0.01,Sell
1585468157.9524,6110.0,0.1,Sell
1585468157.9582,6107.5,0.2,Sell
1585468157.9646,6107.5,0.105,Sell
1585468186.68,6107.5,2.779,Sell
1585468186.68,6108.0,3.973,Sell
1585468186.68,6108.0,2.116,Sell
1585468186.68,6108.5,0.1,Sell
1585468186.68,6108.5,0.032,Sell
1585468197.7251,6110.5,2.686,Sell
1585468205.3837,6111.0,0.448,Buy
1585468254.4486,6117.5,0.831,Buy
1585468254.5487,6117.5,0.1,Buy
1585468254.6484,6117.5,0.357,Buy
1585468254.7492,6117.5,0.767,Buy
1585468254.8486,6117.5,0.492,Buy
1585468254.9487,6117.5,0.568,Buy
1585468255.0487,6117.5,0.226,Buy
1585468255.1488,6117.5,0.1,Buy
1585468255.2486,6117.5,0.284,Buy
1585468256.3883,6117.0,0.49,Sell
1585468258.4486,6117.5,0.152,Buy
1585468259.6496,6122.5,0.18,Buy
1585468259.6496,6120.0,0.02,Buy
1585468259.661,6122.5,0.15,Buy
1585468266.9564,6124.5,0.02,Sell
1585468268.4484,6125.0,0.01,Buy
1585468268.4533,6129.5,0.07,Buy
1585468268.4533,6129.5,1.93,Buy
1585468279.7527,6130.0,0.001,Buy
1585468279.7527,6133.0,0.682,Buy
1585468279.7527,6130.0,0.01,Buy
1585468283.3912,6127.0,3.325,Sell
1585468301.9392,6129.0,0.2,Buy
1585468302.2767,6128.5,0.011,Sell
1585468310.3929,6130.5,0.836,Sell
1585468327.2276,6135.0,9.0,Buy
1585468332.3309,6136.0,6.0,Buy
1585468337.3957,6134.5,0.273,Buy
1585468341.3976,6132.5,0.254,Buy
1585468345.4003,6131.5,0.897,Sell
1585468349.402,6132.5,1.106,Sell
1585468352.2858,6133.5,0.1,Sell
1585468354.263,6135.0,0.85,Buy
1585468354.263,6135.0,0.15,Buy
1585468354.2685,6135.0,0.1,Buy
1585468359.4192,6132.0,0.022,Sell
1585468379.3552,6132.5,0.382,Sell
1585468390.3569,6131.5,0.48,Sell
1585468414.0429,6136.0,0.19,Buy
1585468414.0429,6135.0,0.01,Buy
1585468417.3496,6135.0,2.229,Buy
1585468421.3514,6134.5,0.167,Sell
1585468425.3544,6135.5,0.58,Sell
1585468433.36,6135.5,0.851,Sell
1585468439.1476,6135.5,0.022,Sell
1585468441.0312,6137.5,1.0,Buy
1585468472.793,6134.5,1.0,Buy
1585468475.4607,6134.5,1.0,Buy
1585468478.206,6134.5,1.0,Buy
1585468481.2461,6134.5,1.0,Buy
1585468488.3514,6134.0,0.651,Buy
1585468510.3574,6131.5,0.008,Sell
1585468578.5322,6131.5,3.448,Sell
1585468588.356,6131.5,0.612,Buy
1585468605.3588,6131.5,0.514,Sell
1585468617.3651,6131.5,0.61,Sell
1585468619.7486,6132.0,0.624,Buy
1585468619.8513,6132.0,0.7,Buy
1585468619.9487,6132.0,0.86,Buy
1585468620.0489,6132.0,0.611,Buy
1585468620.1487,6132.0,0.432,Buy
1585468620.2487,6132.0,0.123,Buy
1585468620.3487,6132.0,0.506,Buy
1585468620.4488,6132.0,0.279,Buy
1585468620.5488,6132.0,0.636,Buy
1585468620.6484,6132.0,0.229,Buy
1585468650.8042,6137.0,1.0,Buy
1585468657.3496,6135.5,0.04,Sell
1585468686.8329,6135.0,0.2,Sell
1585468696.2058,6138.0,0.118,Buy
1585468696.2058,6136.0,0.021,Buy
1585468765.3648,6143.5,0.329,Buy
1585468768.3667,6144.0,0.137,Sell
1585468771.3696,6147.5,0.597,Sell
1585468776.0803,6146.5,0.022,Sell
1585468776.5076,6148.0,5.0,Buy
1585468777.374,6145.0,0.506,Sell
1585468784.5112,6144.5,0.002,Sell
1585468795.3788,6146.5,0.266,Buy
1585468834.1487,6130.0,0.022,Sell
1585468834.4487,6126.5,0.1,Sell
1585468834.5487,6126.5,0.05,Sell
1585468837.3496,6117.5,0.938,Sell
1585468841.3277,6115.5,0.066,Buy
1585468841.3329,6114.5,0.2,Sell
1585468852.3514,6114.5,0.303,Sell
1585468853.1835,6113.5,0.023,Buy
1585468867.3543,6114.5,0.825,Sell
1585468882.3561,6115.5,0.22,Sell
1585468897.3635,6119.5,0.515,Sell
1585468901.3652,6120.0,0.415,Sell
1585468903.4063,6120.5,0.2,Buy
1585468905.3681,6121.0,0.066,Sell
1585468909.3698,6121.5,0.532,Buy
1585468910.4771,6122.0,0.067,Buy
1585468919.9417,6124.0,0.007,Buy
1585468930.9846,6120.5,0.05,Buy
1585468957.3497,6120.5,0.2,Sell
1585468957.3497,6120.5,2.272,Sell
1585468980.9777,6119.0,0.01,Sell
1585468982.8304,6116.5,4.723,Sell
1585468982.8304,6116.5,1.277,Sell
1585468983.3514,6116.5,0.997,Sell
1585468992.833,6117.0,5.164,Sell
1585469009.3544,6118.5,0.571,Sell
1585469013.8015,6119.5,3.0,Buy
1585469017.736,6119.0,0.01,Buy
1585469035.2804,6119.5,0.02,Buy
1585469071.3618,6120.5,0.481,Buy
1585469081.3647,6120.5,0.83,Buy
1585469096.0486,6121.0,0.01,Buy
1585469101.3736,6124.0,0.622,Buy
1585469101.3915,6123.0,0.011,Sell
1585469128.3753,6121.5,0.144,Sell
1585469134.0055,6121.0,0.011,Buy
1585469141.2351,6120.0,0.2,Buy
1585469155.3784,6118.5,0.343,Sell
1585469194.5486,6110.0,0.03,Sell
1585469194.554,6106.0,0.2,Sell
1585469201.7681,6107.0,1.1,Sell
1585469209.3829,6107.0,0.387,Sell
1585469231.6794,6114.5,0.039,Buy
1585469234.4487,6114.0,0.1,Sell
1585469237.2487,6110.0,0.9,Sell
1585469242.5487,6105.0,0.019,Sell
1585469244.9487,6102.0,0.1,Sell
1585469244.9487,6102.0,0.05,Sell
1585469244.954,6098.0,1.582,Sell
1585469244.954,6100.0,0.1,Sell
1585469244.954,6100.0,0.221,Sell
1585469244.954,6100.0,0.696,Sell
1585469244.954,6100.0,0.4,Sell
1585469244.954,6100.0,0.001,Sell
1585469244.9603,6098.0,1.0,Sell
1585469244.9604,6102.5,0.099,Buy
1585469244.9605,6098.0,0.092,Sell
1585469255.3876,6097.5,0.853,Sell
1585469257.0259,6097.0,0.032,Sell
1585469257.0259,6097.0,0.1,Sell
1585469257.0259,6094.0,1.121,Sell
1585469257.0259,6095.0,0.03,Sell
1585469257.0313,6098.0,0.2,Buy
1585469257.0315,6098.0,0.033,Buy
1585469259.2189,6092.0,0.148,Sell
1585469261.6768,6099.5,0.001,Buy
1585469278.3893,6105.5,0.82,Buy
1585469278.4966,6106.0,0.02,Buy
1585469283.4487,6105.0,0.1,Sell
1585469283.939,6100.5,0.001,Sell
1585469289.7487,6100.5,0.099,Sell
1585469301.3929,6099.5,0.635,Sell
1585469302.8526,6099.5,3.0,Buy
1585469310.2434,6105.0,0.001,Buy
1585469311.3975,6104.5,0.017,Sell
1585469316.3992,6105.5,0.014,Sell
1585469319.9131,6106.0,0.011,Buy
1585469320.2487,6106.0,0.008,Buy
1585469321.4067,6110.5,0.513,Sell
1585469326.4085,6108.0,0.255,Sell
1585469331.4115,6108.5,0.708,Sell
1585469336.4132,6109.0,0.369,Sell
1585469368.9487,6103.0,0.1,Sell
1585469377.3499,6099.5,0.365,Sell
1585469383.9842,6105.0,0.001,Sell
1585469412.7438,6104.5,3.0,Buy
1585469415.4487,6103.5,0.1,Sell
1585469431.3546,6100.5,0.913,Sell
1585469437.1679,6101.5,0.03,Sell
1585469455.0677,6104.5,0.03,Buy
1585469457.8144,6104.5,0.5,Buy
1585469461.3914,6105.0,0.019,Buy
1585469485.3635,6108.0,0.106,Buy
1585469492.3653,6108.5,0.16,Sell
1585469499.3711,6111.0,0.633,Buy
1585469506.3728,6110.0,0.176,Sell
1585469518.3794,6109.5,0.869,Sell
1585469520.4,6110.5,0.42,Sell
1585469520.6271,6110.5,0.42,Sell
1585469532.3861,6112.0,0.929,Sell
1585469532.8101,6113.0,1.283,Buy
1585469559.0318,6109.5,0.001,Sell
1585469559.3948,6109.5,0.346,Sell
1585469574.3965,6109.5,0.297,Sell
1585469574.7972,6112.5,0.001,Buy
1585469598.1749,6110.5,0.018,Buy
1585469644.6141,6109.5,0.225,Sell
1585469644.6141,6108.5,0.525,Sell
1585469648.4059,6109.5,0.305,Sell
1585469677.4089,6109.5,0.44,Sell
1585469705.2487,6105.0,0.019,Sell
1585469705.2487,6105.0,0.001,Sell
1585469734.3826,6099.5,0.474,Sell
1585469734.3826,6100.0,0.01,Sell
1585469735.416,6099.0,0.955,Sell
1585469737.4178,6099.0,0.288,Sell
1585469739.4205,6099.5,0.779,Sell
1585469741.4222,6099.5,0.696,Buy
1585469743.4272,6099.5,0.692,Sell
1585469760.4289,6099.5,0.523,Sell
1585469761.9488,6099.5,0.1,Sell
1585469762.0487,6099.5,0.031,Sell
1585469762.0487,6099.5,0.069,Sell
1585469762.1487,6099.5,0.1,Sell
1585469762.2486,6099.5,0.1,Sell
1585469762.3486,6099.5,0.1,Sell
1585469762.4486,6099.5,0.1,Sell
1585469762.5486,6099.0,0.008,Sell
1585469762.5486,6099.5,0.092,Sell
1585469764.0215,6100.0,0.008,Buy
1585469764.1486,6099.0,0.002,Sell
1585469777.435,6091.0,0.244,Buy
1585469778.5245,6090.0,0.107,Sell
1585469778.5297,6090.0,0.015,Sell
1585469778.5299,6091.0,0.632,Buy
1585469778.5299,6090.5,8.368,Buy
1585469796.0182,6091.0,0.022,Sell
1585469802.3487,6090.0,0.054,Sell
1585469802.3487,6090.0,0.046,Sell
1585469802.4487,6090.0,0.146,Sell
1585469802.4487,6090.0,0.356,Sell
1585469802.5486,6090.0,0.154,Sell
1585469802.6484,6090.0,0.118,Sell
1585469802.7487,6090.0,0.889,Sell
1585469802.8486,6090.0,0.1,Sell
1585469802.9486,6090.0,0.864,Sell
1585469803.0486,6090.0,0.925,Sell
1585469803.1486,6090.0,0.163,Sell
1585469803.2512,6090.0,0.308,Sell
1585469804.4367,6088.5,0.982,Sell
1585469804.4419,6089.0,0.05,Buy
1585469806.3486,6088.0,0.01,Sell
1585469807.5263,6084.5,0.005,Sell
1585469807.5263,6084.5,0.003,Sell
1585469831.3792,6088.0,0.02,Buy
1585469831.4398,6087.5,0.995,Buy
1585469851.2664,6089.5,0.045,Buy
1585469857.9094,6091.5,0.017,Buy
1585469858.4415,6090.5,0.337,Sell
1585469876.0977,6092.5,0.3,Sell
1585469885.4444,6095.0,0.665,Sell
1585469895.8518,6099.0,0.001,Buy
1585469897.0033,6097.5,0.001,Sell
1585469904.4462,6098.0,0.758,Sell
1585469923.4488,6098.0,0.819,Sell
1585469942.4507,6088.5,0.591,Buy
1585469961.4593,6093.5,0.136,Sell
1585469980.461,6095.0,0.767,Sell
1585469999.4639,6095.5,3.177,Sell
1585470018.4656,6094.5,0.851,Buy
1585470019.1608,6095.5,0.021,Buy
1585470059.6485,6095.0,0.319,Sell
1585470060.4678,6091.0,0.03,Sell
1585470073.1549,6092.0,0.7,Sell
1585470090.7926,6093.5,0.638,Buy
1585470097.3497,6092.5,0.053,Sell
1585470099.0487,6092.5,0.447,Sell
1585470100.3514,6087.5,0.427,Sell
1585470103.3543,6089.0,0.251,Sell
1585470106.356,6089.5,0.754,Sell
1585470130.6967,6090.5,0.318,Sell
1585470137.9361,6091.0,0.079,Sell
1585470138.3625,6092.0,0.093,Buy
1585470167.3674,6093.5,0.726,Sell
1585470178.9487,6094.0,0.029,Buy
1585470178.9487,6094.0,0.014,Buy
1585470180.5509,6098.5,0.02,Buy
1585470180.5509,6098.0,0.01,Buy
1585470181.3693,6097.5,0.777,Sell
1585470195.3724,6106.5,1.18,Buy
1585470195.3774,6108.5,1.1,Buy
1585470195.3774,6108.5,0.75,Buy
1585470198.1063,6107.0,0.6,Buy
1585470208.2289,6107.0,0.024,Buy
1585470209.374,6106.0,0.03,Buy
1585470210.7404,6104.5,0.021,Sell
1585470219.5686,6108.5,0.5,Buy
1585470223.3813,6109.5,0.403,Buy
1585470225.9423,6110.5,0.04,Buy
1585470226.3829,6110.0,0.506,Sell
1585470229.3856,6113.0,1.358,Sell
1585470235.6678,6118.5,0.029,Buy
1585470235.673,6118.5,0.014,Buy
1585470277.3497,6110.0,0.939,Sell
1585470285.3514,6109.5,4.184,Buy
1585470293.3543,6111.5,0.868,Sell
1585470301.356,6105.5,0.911,Buy
1585470304.7555,6107.0,0.01,Buy
1585470337.3496,6110.5,0.631,Sell
1585470350.3514,6111.5,0.864,Buy
1585470363.3541,6110.5,0.89,Sell
1585470368.067,6111.5,0.1,Sell
1585470394.0791,6110.0,0.001,Sell
1585470401.7834,6110.5,0.001,Buy
1585470403.6485,6110.0,0.009,Sell
1585470415.3513,6105.5,0.955,Sell
1585470430.7919,6105.5,0.187,Buy
1585470460.8859,6107.5,0.168,Buy
1585470469.3592,6105.5,0.149,Buy
1585470506.1014,6103.5,0.192,Sell
1585470506.1014,6105.0,0.01,Sell
1585470515.1833,6102.5,0.445,Sell
1585470519.1424,6103.0,1.519,Buy
1585470521.3638,6102.0,0.377,Sell
1585470547.3656,6102.0,0.457,Buy
1585470590.3712,6102.5,3.812,Sell
1585470624.0487,6102.5,0.1,Sell
1585470624.1486,6102.5,0.1,Sell
1585470624.2488,6102.5,0.1,Sell
1585470624.3486,6102.5,0.1,Sell
1585470624.4486,6102.5,0.1,Sell
1585470624.5485,6102.5,0.1,Sell
1585470624.6485,6102.5,0.1,Sell
1585470624.7493,6102.5,0.1,Sell
1585470624.8487,6102.5,0.1,Sell
1585470624.9487,6102.5,0.1,Sell
1585470625.0486,6102.5,0.1,Sell
1585470625.1487,6102.5,0.1,Sell
1585470625.2486,6102.5,0.1,Sell
1585470625.3502,6102.5,0.1,Sell
1585470625.4486,6102.5,0.1,Sell
1585470625.5485,6102.5,0.1,Sell
1585470625.6484,6102.5,0.1,Sell
1585470625.7485,6102.5,0.1,Sell
1585470625.8486,6102.5,0.1,Sell
1585470625.9486,6102.5,0.1,Sell
1585470626.0487,6102.5,0.1,Sell
1585470626.1486,6102.5,0.1,Sell
1585470626.2511,6102.5,0.1,Sell
1585470626.3485,6102.5,0.1,Sell
1585470626.4486,6102.5,0.1,Sell
1585470626.5486,6102.5,0.1,Sell
1585470626.6484,6102.5,0.1,Sell
1585470626.751,6102.5,0.1,Sell
1585470626.8485,6102.5,0.1,Sell
1585470626.9485,6102.5,0.1,Sell
1585470627.0488,6102.5,0.1,Sell
1585470627.1485,6102.5,0.1,Sell
1585470627.2486,6102.5,0.1,Sell
1585470627.3485,6102.5,0.1,Sell
1585470627.4485,6102.5,0.1,Sell
1585470627.5486,6102.5,0.1,Sell
1585470627.6484,6102.5,0.1,Sell
1585470627.7486,6102.5,0.1,Sell
1585470627.8486,6102.5,0.012,Sell
1585470627.8486,6101.0,0.088,Sell
1585470627.9486,6101.0,0.012,Sell
1585470630.3822,6095.0,0.033,Sell
1585470636.959,6095.0,0.026,Sell
1585470650.4906,6093.0,3.0,Sell
1585470650.4957,6093.0,0.5,Sell
1585470699.3908,6099.5,0.539,Sell
1585470705.3926,6102.5,0.993,Sell
1585470711.3986,6102.5,0.277,Sell
1585470716.5301,6103.0,0.5,Buy
1585470725.6632,6103.0,0.042,Buy
1585470738.5921,6103.0,0.052,Buy
1585470747.3939,6102.5,0.047,Sell
1585470790.2953,6103.0,0.56,Buy
1585470795.405,6104.5,1.439,Sell
1585470801.2474,6107.0,2.526,Buy
1585470801.2474,6105.0,0.464,Buy
1585470801.2474,6105.0,0.01,Buy
1585470801.2529,6107.0,0.047,Buy
1585470823.4136,6107.0,0.811,Buy
1585470827.4154,6107.5,0.965,Buy
1585470831.4183,6107.5,2.698,Sell
1585470874.5753,6107.0,1.0,Buy
1585470877.3496,6106.5,0.937,Sell
1585470884.3514,6106.5,2.875,Buy
1585470891.3541,6106.5,0.024,Sell
1585470898.3558,6106.5,0.319,Sell
1585470900.5557,6107.0,0.647,Buy
1585470900.8535,6107.0,0.647,Buy
1585470936.0234,6108.0,0.009,Buy
1585470950.0523,6108.5,0.41,Buy
1585470950.0523,6108.5,0.01,Buy
1585470952.3517,6107.5,0.194,Sell
1585470967.3544,6107.5,0.647,Sell
1585470967.3544,6107.5,0.01,Sell
1585470982.3561,6107.5,0.816,Sell
1585470988.1426,6108.5,0.011,Buy
1585470991.3714,6108.5,0.287,Buy
1585470994.6888,6108.5,0.373,Buy
1585470997.3587,6108.0,0.37,Sell
1585470998.4053,6108.5,0.163,Buy
1585471015.3606,6108.5,0.416,Buy
1585471033.3634,6108.5,0.651,Sell
1585471042.418,6109.5,0.016,Buy
1585471042.418,6109.0,0.01,Buy
1585471069.3679,6109.5,0.4,Sell
1585471099.3725,6109.5,1.262,Sell
1585471107.3118,6109.5,0.011,Sell
1585471112.2658,6110.0,0.1,Buy
1585471179.1275,6110.5,0.126,Buy
1585471179.1275,6110.5,0.024,Buy
1585471188.7565,6110.5,0.002,Buy
1585471233.391,6115.0,0.986,Buy
1585471235.2957,6114.5,0.5,Buy
1585471255.1452,6115.5,0.006,Buy
1585471285.8122,6121.5,0.014,Sell
1585471289.3957,6120.5,0.088,Sell
1585471317.3974,6120.5,0.834,Buy
1585471345.2132,6121.0,2.5,Buy
1585471345.4002,6120.5,0.105,Sell
1585471359.8486,6120.0,0.013,Sell
1585471373.402,6116.0,0.419,Sell
1585471417.0542,6118.5,0.2,Buy
1585471429.4066,6117.0,0.371,Buy
1585471457.4149,6114.5,0.726,Buy
1585471460.8081,6113.5,0.01,Buy
1585471463.4168,6112.5,0.521,Buy
1585471469.4201,6112.5,0.788,Sell
1585471481.4246,6109.5,0.9,Sell
1585471484.4265,6111.5,1.774,Sell
1585471487.4293,6111.5,0.254,Sell
1585471490.431,6110.5,0.915,Sell
1585471537.3497,6112.5,0.127,Sell
1585471557.3544,6112.5,0.01,Sell
1585471557.3544,6112.5,0.055,Sell
1585471597.3497,6111.0,0.246,Buy
1585471600.8703,6111.5,0.006,Sell
1585471601.3542,6111.5,0.495,Sell
1585471603.3559,6111.5,0.247,Sell
1585471656.4104,6111.0,0.01,Buy
1585471656.4104,6111.0,0.007,Buy
1585471657.3497,6110.5,2.623,Sell
1585471703.3544,6114.5,0.261,Sell
1585471874.64,6115.0,0.01,Sell
1585471874.64,6112.5,0.013,Sell
1585471905.3764,6110.5,3.063,Sell
1585471929.6486,6109.0,0.004,Sell
1585471935.2487,6108.0,0.01,Sell
1585471935.5194,6105.5,0.28,Sell
1585471935.5248,6105.5,0.017,Sell
1585471957.3849,6104.5,0.885,Buy
1585471985.3867,6105.5,3.268,Sell
1585472009.9913,6106.5,0.02,Sell
1585472009.9913,6107.0,0.01,Sell
1585472013.3894,6107.5,0.124,Sell
1585472041.3914,6107.0,0.08,Buy
1585472067.2339,6106.5,0.29,Sell
1585472069.3941,6107.5,0.158,Sell
1585472085.3959,6107.5,2.78,Sell
1585472093.6484,6108.0,0.01,Buy
1585472095.2486,6115.5,0.708,Buy
1585472095.2486,6115.5,0.01,Buy
1585472095.3486,6115.5,0.415,Buy
1585472095.4486,6115.5,0.01,Buy
1585472095.4486,6115.5,0.415,Buy
1585472101.3986,6116.0,0.489,Sell
1585472117.4003,6121.5,0.016,Buy
1585472133.4085,6123.5,0.201,Buy
1585472159.4102,6123.0,0.108,Sell
1585472172.8995,6126.5,0.003,Buy
1585472172.8995,6123.5,0.006,Buy
1585472180.7353,6126.0,0.08,Buy
1585472185.4131,6124.5,0.346,Buy
1585472211.4149,6124.5,0.508,Sell
1585472237.4176,6122.5,2.685,Sell
1585472239.4194,6123.0,0.748,Sell
1585472241.4222,6122.5,1.757,Sell
1585472260.5605,6122.0,0.006,Sell
1585472260.5605,6121.5,0.044,Sell
1585472277.3515,6124.5,0.555,Sell
1585472280.9638,6125.5,4.294,Buy
1585472280.9638,6125.5,1.706,Buy
1585472297.3542,6124.5,1.231,Sell
1585472317.3559,6120.5,0.573,Sell
1585472337.3638,6121.5,0.979,Sell
1585472399.3514,6124.0,0.642,Buy
1585472417.2644,6123.5,0.087,Buy
1585472421.3542,6121.5,0.973,Sell
1585472443.3558,6120.5,0.118,Sell
1585472465.3607,6119.0,0.175,Sell
1585472465.3665,6118.0,0.087,Sell
1585472493.3626,6119.0,0.523,Sell
1585472496.7644,6119.0,3.284,Sell
1585472496.7644,6118.5,2.451,Sell
1585472496.7644,6118.0,3.25,Sell
1585472496.7644,6117.5,1.084,Sell
1585472496.7644,6117.0,0.609,Sell
1585472496.7644,6117.0,1.768,Sell
1585472496.7644,6116.0,0.688,Sell
1585472496.7644,6118.0,1.866,Sell
1585472500.9238,6119.0,1.47,Sell
1585472521.3653,6119.0,0.033,Sell
1585472549.367,6118.5,0.994,Sell
1585472592.3485,6118.5,0.01,Sell
1585472599.6486,6117.0,0.006,Sell
1585472617.374,6118.0,0.024,Sell
1585472637.3757,6115.5,0.786,Sell
1585472682.3883,6114.5,0.605,Buy
1585472707.3912,6115.5,0.419,Sell
1585472757.3956,6115.0,0.458,Sell
1585472769.4003,6115.5,0.18,Sell
1585472775.4021,6117.5,0.315,Sell
1585472778.0884,6118.5,0.1,Buy
1585472797.3497,6115.5,0.767,Sell
1585472855.3541,6119.0,2.782,Sell
1585472876.231,6120.0,0.084,Buy
1585472876.231,6119.5,0.01,Buy
1585472876.231,6120.0,0.006,Buy
1585472884.3558,6118.0,0.859,Sell
1585472924.3656,6119.5,0.935,Sell
1585472935.3683,6119.5,0.45,Sell
1585472937.9241,6123.0,0.902,Buy
1585472937.9241,6120.0,0.066,Buy
1585472946.37,6121.5,0.182,Sell
1585472957.3727,6120.5,0.533,Sell
1585472960.3743,6121.0,0.388,Sell
1585472963.3773,6121.0,0.64,Buy
1585472966.3791,6120.0,0.486,Sell
1585472977.3502,6120.5,0.059,Sell
1585472980.352,6120.0,0.533,Sell
1585472986.357,6120.5,0.471,Sell
1585473047.3513,6120.0,1.803,Sell
1585473060.0485,6122.5,0.03,Buy
1585473097.3496,6125.0,0.691,Sell
1585473133.3555,6124.5,2.332,Sell
1585473169.3597,6125.0,0.359,Sell
1585473180.6308,6125.0,0.001,Buy
1585473181.3642,6124.0,0.279,Sell
1585473187.366,6123.5,0.491,Sell
1585473193.3711,6123.0,4.359,Sell
1585473218.3728,6121.0,0.538,Sell
1585473218.3784,6120.5,0.001,Sell
1585473243.3817,6121.0,2.294,Sell
1585473267.3835,6120.5,0.812,Sell
1585473291.3862,6120.0,0.267,Sell
1585473315.388,6119.5,0.119,Sell
1585473339.3908,6118.5,0.076,Sell
1585473367.3925,6123.0,0.648,Sell
1585473395.3953,6121.5,0.539,Sell
1585473423.3971,6122.5,0.642,Buy
1585473451.4007,6120.5,0.203,Buy
1585473479.4053,6120.5,0.777,Sell
1585473502.4216,6118.5,0.01,Sell
1585473502.4216,6116.5,0.02,Sell
1585473507.4158,6115.0,0.436,Buy
1585473518.2486,6107.0,0.01,Sell
1585473518.2536,6102.5,0.5,Sell
1585473536.4176,6108.0,0.957,Sell
1585473565.4204,6102.5,0.399,Sell
1585473565.4204,6102.5,0.169,Sell
1585473570.053,6107.5,0.2,Buy
1585473582.2673,6107.5,0.002,Buy
1585473594.422,6104.5,0.391,Buy
1585473623.4274,6108.0,0.225,Sell
1585473631.4293,6107.5,0.803,Sell
1585473633.6666,6104.5,0.001,Sell
1585473647.4336,6102.5,0.081,Sell
1585473655.4374,6102.5,0.86,Sell
1585473676.4391,6103.5,0.088,Sell
1585473697.4419,6101.0,0.577,Sell
1585473698.275,6100.0,0.002,Sell
1585473699.1386,6099.5,0.2,Sell
1585473706.2025,6100.0,0.3,Sell
1585473729.7527,6102.5,0.001,Buy
1585473739.4506,6101.5,0.304,Buy
1585473763.2096,6100.5,0.001,Sell
1585473779.1696,6100.5,0.001,Sell
1585473785.4627,6100.5,0.856,Sell
1585473791.4653,6100.0,0.807,Sell
1585473797.4671,6100.5,0.443,Sell
1585473805.2067,6101.0,0.039,Sell
1585473817.3498,6105.5,0.586,Sell
1585473826.3515,6104.0,0.618,Buy
1585473844.3561,6105.0,1.523,Buy
1585473844.3617,6106.5,0.039,Buy
1585473877.3496,6106.0,0.161,Sell
1585473887.2466,6107.0,0.3,Buy
1585473892.5123,6107.0,0.5,Buy
1585473898.3515,6105.0,0.628,Buy
1585473919.3542,6105.5,0.569,Sell
1585473940.3559,6109.5,0.924,Buy
1585473961.3643,6109.5,0.019,Sell
1585473965.3486,6110.0,0.221,Buy
1585473965.4486,6110.0,0.108,Buy
1585473965.5486,6110.0,0.292,Buy
1585473965.6484,6110.0,0.204,Buy
1585473967.3662,6114.0,1.069,Sell
1585473973.3691,6111.0,0.915,Sell
1585473979.3708,6110.5,0.701,Buy
1585473997.3498,6110.5,0.834,Sell
1585474023.3516,6110.5,0.478,Sell
1585474049.3543,6111.5,0.471,Sell
1585474072.6511,6112.0,0.015,Buy
1585474075.356,6111.0,0.308,Buy
1585474111.3616,6112.0,4.101,Buy
1585474121.3643,6117.0,0.434,Buy
1585474146.3705,6114.5,0.874,Buy
1585474149.3651,6113.5,0.023,Buy
1585474151.3733,6113.0,0.181,Sell
1585474157.0767,6115.0,0.001,Buy
1585474161.3789,6113.0,0.173,Sell
1585474164.9017,6111.0,0.001,Sell
1585474166.3806,6111.5,0.544,Buy
1585474190.3514,6109.5,0.481,Sell
1585474195.0175,6110.0,0.002,Buy
1585474203.3542,6109.5,0.133,Sell
1585474207.0185,6109.5,0.001,Sell
1585474237.3496,6114.0,0.314,Buy
1585474242.7678,6114.5,0.003,Sell
1585474249.6416,6115.0,0.002,Buy
1585474297.3597,6112.0,0.686,Sell
1585474327.368,6114.5,0.023,Buy
1585474351.3698,6114.5,0.17,Sell
1585474365.8273,6116.0,0.804,Buy
1585474365.8273,6115.0,0.196,Buy
1585474375.3732,6115.5,0.323,Sell
1585474423.3831,6115.5,2.382,Buy
1585474447.3848,6115.5,0.014,Sell
1585474447.3848,6115.5,0.499,Sell
1585474471.3876,6114.0,0.258,Sell
1585474495.3893,6110.5,0.134,Buy
1585474495.3948,6110.0,0.014,Sell
1585474498.4394,6111.5,0.1,Sell
1585474519.3935,6110.5,0.205,Buy
1585474579.3996,6110.5,0.714,Buy
1585474616.4485,6110.0,0.579,Sell
1585474616.5485,6110.0,0.002,Sell
1585474616.5485,6110.0,0.957,Sell
1585474616.6484,6110.0,0.095,Sell
1585474651.2545,6107.5,0.5,Buy
1585474667.3323,6108.0,0.067,Buy
1585474687.7489,6107.0,0.006,Sell
1585474708.3557,6104.5,0.047,Sell
1585474739.3651,6103.0,4.035,Buy
1585474753.368,6110.0,0.5,Sell
1585474755.0731,6110.5,0.001,Buy
1585474757.3874,6110.0,0.001,Sell
1585474781.3724,6108.0,0.887,Buy
1585474791.3741,6108.0,0.006,Buy
1585474801.3769,6109.0,0.188,Sell
1585474821.3835,6109.0,0.44,Sell
1585474834.1533,6106.0,0.001,Sell
1585474865.3526,6106.5,0.2,Buy
1585474879.2326,6106.0,0.007,Buy
1585474889.551,6105.0,0.007,Sell
1585474897.1061,6106.0,0.014,Sell
1585474917.1942,6105.5,2.5,Sell
1585474935.2033,6103.5,0.5,Sell
1585474949.3611,6103.5,0.348,Sell
1585475011.3695,6106.5,0.413,Sell
1585475029.3723,6106.5,0.674,Sell
1585475065.3781,6105.5,0.886,Sell
1585475089.3798,6105.5,0.005,Sell
1585475089.3798,6105.5,0.886,Sell
1585475143.3906,6107.5,0.353,Sell
1585475155.4717,6109.0,0.024,Buy
1585475155.4717,6108.0,0.006,Buy
1585475166.5496,6107.0,0.002,Buy
1585475173.4001,6106.0,0.961,Sell
1585475177.1022,6106.5,0.014,Buy
1585475187.4049,6105.5,0.055,Sell
1585475201.4093,6105.5,0.562,Sell
1585475213.4111,6105.5,0.139,Sell
1585475225.414,6105.5,0.7,Sell
1585475225.414,6105.5,0.135,Sell
1585475237.4158,6104.5,0.693,Sell
1585475249.5898,6104.5,0.6,Sell
1585475257.3496,6104.0,2.748,Sell
1585475259.3514,6104.0,1.445,Buy
1585475261.3542,6103.5,0.187,Sell
1585475263.3559,6103.5,0.161,Sell
1585475263.3559,6103.5,0.468,Sell
1585475265.3597,6104.0,0.316,Buy
1585475271.2417,6103.5,5.94,Sell
1585475271.2417,6103.5,3.06,Sell
1585475285.8393,6103.5,0.006,Buy
1585475317.3499,6103.5,0.567,Sell
1585475317.7134,6103.0,0.014,Sell
1585475318.1957,6103.0,0.006,Sell
1585475357.1485,6103.0,0.101,Sell
1585475357.2485,6103.0,0.379,Sell
1585475357.7486,6102.5,0.306,Sell
1585475357.8486,6102.5,0.1,Sell
1585475357.9485,6102.5,0.094,Sell
1585475368.5751,6100.0,0.04,Buy
1585475377.3496,6099.5,0.559,Sell
1585475377.3496,6099.5,0.339,Sell
1585475379.3514,6099.5,0.195,Sell
1585475395.9221,6093.5,0.01,Sell
1585475395.9272,6096.0,0.014,Buy
1585475395.9273,6093.0,0.849,Sell
1585475395.9273,6093.5,2.226,Sell
1585475395.9273,6093.5,2.925,Sell
1585475435.2496,6102.0,0.005,Sell
1585475437.3496,6101.5,0.397,Buy
1585475463.3514,6101.5,0.101,Sell
1585475463.4466,6101.5,0.5,Sell
1585475477.3796,6100.0,0.005,Buy
1585475489.3541,6098.0,0.138,Buy
1585475555.2196,6100.5,0.005,Sell
1585475556.1034,6100.5,0.014,Sell
1585475563.3655,6100.0,0.651,Buy
1585475579.3673,6098.5,0.62,Sell
1585475595.3701,6100.5,0.036,Sell
1585475629.4486,6092.0,0.2,Sell
1585475629.4539,6092.5,0.014,Buy
1585475647.3815,6095.0,0.062,Sell
1585475667.3842,6094.0,0.13,Buy
1585475680.9546,6094.5,1.694,Sell
1585475687.3858,6089.5,0.418,Buy
1585475713.3903,6088.5,0.441,Buy
1585475719.3931,6087.0,0.363,Sell
1585475725.3948,6089.0,0.2,Sell
1585475734.2063,6093.5,0.968,Sell
1585475750.3514,6094.0,0.144,Sell
1585475764.6603,6089.5,0.1,Buy
1585475776.356,6090.0,0.422,Buy
1585475797.3496,6091.5,0.086,Sell
1585475803.3514,6092.0,0.504,Sell
1585475809.3542,6093.0,0.51,Sell
1585475816.1553,6094.5,0.009,Buy
1585475834.3898,6092.0,0.5,Sell
1585475857.3495,6086.5,0.723,Sell
1585475857.3549,6087.5,0.148,Buy
1585475863.4498,6087.5,0.005,Buy
1585475871.0838,6081.0,0.5,Sell
1585475871.0839,6081.0,0.01,Sell
1585475871.0841,6081.0,0.2,Sell
1585475876.9854,6075.0,0.013,Sell
1585475877.0993,6075.0,0.014,Sell
1585475877.2023,6075.5,0.071,Buy
1585475896.5423,6079.0,0.2,Sell
1585475896.5423,6079.5,0.3,Sell
1585475899.354,6079.0,0.374,Buy
1585475920.3557,6083.5,0.233,Sell
1585475941.3584,6082.5,0.505,Sell
1585475942.3602,6079.5,0.096,Sell
1585475943.3643,6079.5,4.621,Buy
1585475944.3661,6079.5,0.22,Buy
1585475946.2385,6080.5,0.304,Buy
1585475959.2684,6080.5,0.005,Sell
1585475977.3497,6080.5,0.431,Sell
1585476003.3514,6080.5,0.38,Sell
1585476011.1056,6082.0,0.195,Buy
1585476011.1056,6081.0,0.036,Buy
1585476029.354,6082.0,0.975,Sell
1585476034.2839,6082.5,0.036,Buy
1585476039.412,6082.5,1.0,Buy
1585476050.303,6080.5,0.11,Sell
1585476055.3558,6083.5,0.83,Buy
1585476081.3645,6092.5,0.348,Sell
1585476085.1215,6093.5,0.009,Buy
1585476085.3662,6093.0,0.785,Sell
1585476093.3706,6095.0,0.574,Sell
1585476097.3732,6096.0,0.337,Sell
1585476111.9351,6096.5,0.035,Buy
1585476115.6908,6097.0,0.001,Buy
1585476120.3749,6097.0,0.317,Buy
1585476143.3776,6096.5,0.377,Sell
1585476189.3819,6096.5,0.365,Sell
1585476199.1879,6096.5,0.025,Buy
1585476217.9043,6095.5,0.025,Buy
1585476245.396,6095.5,0.715,Buy
1585476268.6789,6095.0,0.231,Sell
1585476280.5485,6095.0,0.069,Sell
1585476282.7851,6090.5,0.5,Sell
1585476282.7903,6090.5,0.035,Sell
1585476293.4004,6091.0,0.15,Sell
1585476317.4022,6090.0,0.112,Buy
1585476346.4067,6087.5,1.165,Sell
1585476354.3431,6087.5,0.165,Buy
1585476356.4116,6086.0,0.049,Buy
1585476386.7499,6085.5,0.004,Sell
1585476397.3495,6086.0,4.587,Sell
1585476416.1449,6085.5,0.008,Sell
1585476421.3513,6085.5,0.034,Sell
1585476439.802,6085.5,0.301,Buy
1585476445.354,6084.5,0.734,Sell
1585476449.6363,6084.5,0.007,Sell
1585476469.3569,6084.5,0.484,Buy
1585476474.8876,6084.5,0.301,Sell
1585476495.4638,6088.0,0.165,Sell
1585476498.3665,6088.0,0.094,Sell
1585476506.2019,6089.0,0.257,Buy
1585476516.3683,6090.0,0.417,Sell
1585476546.5646,6091.5,0.03,Buy
1585476552.3728,6089.5,0.023,Sell
1585476570.3754,6090.5,0.93,Sell
1585476570.3754,6090.5,0.035,Sell
1585476588.3799,6093.0,0.088,Sell
1585476597.3817,6095.0,0.903,Sell
1585476598.244,6096.5,0.2,Buy
1585476606.3856,6094.5,0.448,Sell
1585476643.1642,6095.0,0.097,Buy
1585476680.3979,6094.5,0.33,Sell
1585476689.4596,6094.5,0.03,Sell
1585476697.4053,6094.5,0.088,Sell
1585476697.4053,6094.5,4.387,Sell
1585476698.408,6094.5,0.275,Sell
1585476698.408,6094.5,0.088,Sell
1585476700.416,6089.0,1.933,Sell
1585476748.4214,6087.5,0.888,Sell
1585476765.6638,6088.5,0.005,Buy
1585476785.276,6086.0,1.5,Buy
1585476790.7407,6085.0,0.004,Sell
1585476796.4309,6088.5,0.379,Sell
1585476798.0485,6089.0,0.1,Buy
1585476844.4354,6094.5,0.922,Sell
1585476868.4371,6094.0,0.007,Sell
1585476885.6485,6099.0,0.78,Buy
1585476885.7485,6099.0,0.627,Buy
1585476885.8484,6099.0,0.093,Buy
1585476888.329,6107.5,0.2,Buy
1585476892.4442,6103.5,0.861,Sell
1585476918.446,6104.0,0.037,Sell
1585476944.459,6104.5,0.633,Sell
1585476969.2707,6107.0,1.205,Buy
1585476969.2707,6105.0,0.4,Buy
1585476970.4607,6106.0,0.659,Sell
1585476996.4647,6107.0,0.992,Sell
1585477000.4664,6107.0,0.088,Buy
1585477004.4721,6107.0,1.47,Sell
1585477008.4739,6107.5,0.438,Sell
1585477012.4765,6107.0,0.402,Sell
1585477032.3114,6110.0,0.004,Buy
1585477048.8486,6110.0,0.002,Buy
1585477048.8486,6110.0,0.006,Buy
1585477067.3541,6112.0,0.376,Buy
1585477072.3559,6112.5,0.161,Buy
1585477080.4646,6111.0,0.001,Buy
1585477102.7708,6108.5,0.007,Buy
1585477111.2736,6108.0,0.006,Buy
1585477117.3496,6107.5,0.138,Buy
1585477131.3514,6107.0,0.933,Buy
1585477145.3541,6106.5,0.321,Sell
1585477156.3604,6107.0,0.015,Buy
1585477159.3558,6106.5,0.026,Buy
1585477173.1723,6106.5,1.44,Buy
1585477177.3545,6106.5,0.107,Buy
1585477200.3563,6106.5,0.732,Sell
1585477227.4933,6105.0,1.469,Sell
1585477246.3611,6104.5,0.455,Sell
1585477296.3716,6099.0,0.196,Sell
1585477323.3744,6101.0,0.202,Buy
1585477364.0151,6103.0,0.5,Buy
1585477377.3841,6101.5,0.832,Sell
1585477416.3905,6105.5,0.077,Sell
1585477429.3977,6103.0,0.784,Buy
1585477447.3995,6101.5,0.115,Sell
1585477465.4023,6102.5,0.412,Buy
1585477528.4094,6103.5,0.486,Sell
1585477551.1282,6104.0,0.086,Buy
1585477551.1282,6104.0,0.014,Buy
1585477555.4138,6103.5,0.139,Buy
1585477566.2616,6103.5,0.23,Buy
1585477568.9309,6103.0,0.1,Sell
1585477609.4226,6104.5,0.319,Sell
1585477619.4243,6105.5,0.316,Sell
1585477629.4271,6105.5,0.401,Sell
1585477657.3496,6106.5,0.107,Sell
1585477665.3515,6107.5,1.895,Sell
1585477673.3543,6108.5,2.238,Sell
1585477701.37,6106.0,0.257,Sell
1585477770.5983,6103.5,0.021,Buy
1585477806.3512,6103.5,0.779,Sell
1585477813.627,6103.5,0.021,Buy
1585477844.3484,6103.0,0.035,Sell
1585477860.9485,6100.5,0.006,Sell
1585477861.0486,6100.0,0.1,Sell
1585477861.1485,6100.0,0.389,Sell
1585477861.2486,6100.0,0.281,Sell
1585477861.3485,6100.0,0.42,Sell
1585477861.4487,6100.0,0.26,Sell
1585477879.1107,6094.0,0.5,Sell
1585477879.3608,6095.0,0.032,Buy
1585477914.9523,6094.0,0.492,Buy
1585477916.3606,6093.5,0.342,Buy
1585477919.5907,6089.5,1.24,Sell
1585477934.4111,6091.0,0.2,Sell
1585477939.3634,6089.5,0.565,Sell
1585477985.3679,6088.5,2.114,Sell
1585477986.4239,6088.5,0.005,Sell
1585477989.3697,6088.5,0.27,Sell
1585477989.3697,6088.5,3.387,Sell
1585477993.3723,6089.0,0.643,Sell
1585477997.374,6089.5,0.576,Sell
1585478009.5804,6088.0,0.2,Sell
1585478009.8168,6088.0,0.2,Sell
1585478014.4823,6088.5,0.2,Sell
1585478017.3496,6088.5,0.193,Sell
1585478053.3541,6089.0,0.484,Buy
1585478055.7167,6086.0,0.326,Sell
1585478069.7071,6087.5,0.286,Sell
1585478071.3558,6086.5,0.432,Sell
1585478085.544,6084.5,0.047,Sell
1585478111.3335,6085.0,0.029,Sell
1585478129.3683,6087.0,0.395,Buy
1585478130.8959,6087.5,0.5,Sell
1585478149.3701,6088.5,0.228,Sell
1585478187.5819,6093.0,0.286,Buy
1585478189.3745,6092.5,0.914,Buy
1585478220.8645,6095.5,0.225,Buy
1585478249.3817,6096.0,0.098,Buy
1585478268.3835,6093.5,0.003,Sell
1585478287.3863,6093.5,4.772,Sell
1585478306.388,6093.5,0.396,Buy
1585478349.3936,6091.5,0.886,Sell
1585478397.398,6092.5,0.88,Buy
1585478418.4796,6093.5,1.0,Buy
1585478425.4078,6093.0,0.049,Sell
1585478459.4151,6092.5,1.315,Sell
1585478459.4151,6092.5,3.374,Sell
1585478493.4195,6092.5,0.024,Buy
1585478521.3485,6092.0,0.485,Sell
1585478533.4241,6088.5,3.645,Sell
1585478553.4258,6088.5,0.894,Buy
1585478573.4286,6088.5,0.365,Buy
1585478579.2342,6088.5,0.006,Sell
1585478584.6182,6089.0,0.001,Buy
1585478584.6182,6090.0,0.005,Buy
1585478589.433,6089.5,0.556,Sell
1585478606.4193,6090.5,0.001,Buy
1585478634.449,6091.0,0.346,Sell
1585478640.4508,6091.0,0.02,Sell
1585478646.4536,6091.5,0.897,Sell
1585478652.4553,6091.0,0.843,Buy
1585478662.8024,6089.0,0.004,Sell
1585478668.5724,6088.5,0.193,Sell
1585478699.3514,6089.0,0.925,Sell
1585478721.3542,6089.0,0.535,Buy
1585478743.356,6088.5,2.395,Buy
1585478765.3647,6090.5,4.682,Sell
1585478801.3709,6092.0,0.747,Sell
1585478837.3752,6092.0,2.532,Sell
1585478864.0062,6094.0,0.074,Sell
1585478868.3235,6094.0,0.074,Buy
1585478871.3797,6093.5,0.904,Sell
1585478888.3815,6094.5,0.057,Sell
1585478905.3841,6092.0,0.187,Buy
1585478926.3858,6093.5,0.092,Buy
1585478947.3885,6093.0,0.767,Sell
1585478989.3929,6096.0,0.507,Sell
1585479101.4074,6098.0,0.983,Sell
1585479119.4092,6097.5,0.526,Sell
1585479137.412,6098.0,0.743,Sell
1585479155.4138,6100.0,0.024,Buy
1585479167.3653,6104.5,0.025,Buy
1585479169.854,6104.5,0.166,Buy
1585479170.1165,6104.5,0.1,Buy
1585479173.4184,6105.0,1.103,Sell
1585479178.3055,6107.0,0.441,Buy
1585479190.4202,6106.5,4.353,Sell
1585479190.4969,6107.5,0.196,Buy
1585479207.4229,6106.0,0.327,Sell
1585479223.2486,6120.0,0.007,Buy
1585479223.2542,6123.0,0.2,Buy
1585479223.2542,6123.0,0.086,Buy
1585479224.2486,6123.0,0.342,Buy
1585479224.4246,6123.5,0.214,Sell
1585479225.127,6124.0,0.01,Buy
1585479225.127,6125.0,0.144,Buy
1585479225.1322,6125.0,0.356,Buy
1585479225.1322,6125.5,0.006,Buy
1585479225.1322,6126.5,0.138,Buy
1585479225.8721,6127.5,0.6,Buy
1585479225.8775,6127.5,0.3,Buy
1585479228.2486,6127.5,0.1,Buy
1585479228.4487,6127.5,0.5,Buy
1585479229.225,6134.5,0.1,Buy
1585479229.225,6133.0,0.1,Buy
1585479229.2302,6134.5,0.5,Buy
1585479229.2311,6134.5,0.4,Buy
1585479229.2311,6135.5,3.132,Buy
1585479229.2311,6135.5,3.163,Buy
1585479229.2311,6135.0,2.94,Buy
1585479229.2311,6134.5,5.298,Buy
1585479229.2311,6135.5,0.467,Buy
1585479232.4593,6144.0,0.41,Buy
1585479234.1486,6144.0,0.216,Buy
1585479234.5485,6144.0,0.1,Buy
1585479234.6484,6144.0,0.274,Buy
1585479241.4273,6132.5,0.743,Buy
1585479257.2592,6140.5,0.001,Sell
1585479260.429,6143.0,2.828,Sell
1585479264.2486,6150.0,0.758,Buy
1585479264.2537,6150.0,0.2,Buy
1585479264.3485,6150.0,0.042,Buy
1585479269.2608,6169.5,0.026,Buy
1585479269.2659,6169.5,0.1,Buy
1585479269.2662,6169.5,0.12,Buy
1585479269.2663,6169.5,0.229,Buy
1585479269.3492,6170.5,0.014,Buy
1585479269.3726,6167.0,2.574,Sell
1585479269.3726,6167.5,6.426,Sell
1585479279.4318,6158.5,0.354,Buy
1585479298.4334,6151.5,0.937,Buy
1585479315.6968,6144.0,0.401,Sell
1585479317.4373,6147.5,4.539,Buy
1585479318.439,6146.0,0.985,Sell
1585479318.8566,6145.0,0.492,Sell
1585479319.4419,6145.0,3.583,Sell
1585479320.4436,6144.5,0.187,Sell
1585479320.4436,6144.5,0.01,Sell
1585479329.6485,6148.5,0.5,Buy
1585479337.3497,6153.0,0.09,Sell
1585479343.8485,6153.5,0.5,Buy
1585479351.3515,6153.0,0.406,Buy
1585479352.9486,6155.0,0.41,Buy
1585479364.0814,6164.0,0.22,Sell
1585479365.3543,6162.0,0.333,Buy
1585479373.7486,6169.0,0.006,Buy
1585479376.6851,6172.5,0.023,Sell
1585479378.2372,6178.0,0.05,Buy
1585479378.2422,6178.0,0.2,Buy
1585479378.2424,6178.0,1.5,Buy
1585479379.3559,6176.0,0.204,Sell
1585479389.9271,6180.0,0.022,Buy
1585479389.9273,6179.5,0.032,Sell
1585479389.9273,6180.0,0.12,Buy
1585479390.7486,6180.0,0.127,Buy
1585479390.8485,6180.0,0.751,Buy
1585479390.9486,6180.0,0.838,Buy
1585479391.0486,6180.0,0.304,Buy
1585479391.1485,6180.0,0.14,Buy
1585479391.2486,6180.0,0.2,Buy
1585479391.2486,6180.0,0.098,Buy
1585479395.3987,6178.0,0.008,Buy
1585479399.3793,6180.5,0.023,Sell
1585479413.3515,6174.5,0.81,Buy
1585479418.5589,6183.0,0.05,Sell
1585479422.0441,6182.0,0.143,Buy
1585479424.888,6185.0,0.023,Sell
1585479424.8932,6188.0,0.01,Buy
1585479424.8932,6188.0,0.49,Buy
1585479424.8935,6188.0,0.387,Buy
1585479429.3543,6191.5,0.336,Sell
1585479429.3598,6192.5,1.0,Buy
1585479429.3598,6196.5,0.097,Buy
1585479429.3598,6196.5,1.922,Buy
1585479432.6486,6198.0,0.001,Buy
1585479436.8253,6188.5,0.026,Buy
1585479443.4144,6190.0,0.015,Sell
1585479445.3559,6192.5,0.773,Sell
1585479448.9366,6199.0,0.01,Buy
1585479449.2963,6195.5,0.119,Buy
1585479452.9485,6199.0,0.318,Buy
1585479453.2486,6199.0,0.11,Buy
1585479453.4485,6200.0,0.08,Buy
1585479453.4485,6200.0,0.02,Buy
1585479453.4536,6204.5,0.151,Buy
1585479453.4536,6200.0,0.057,Buy
1585479453.4536,6204.5,5.117,Buy
1585479453.4539,6204.5,1.39,Buy
1585479453.4539,6204.5,2.058,Buy
1585479453.459,6204.5,0.075,Buy
1585479457.2922,6202.0,0.023,Sell
1585479461.3596,6196.0,2.855,Sell
1585479462.0801,6196.5,0.403,Sell
1585479486.5007,6176.5,2.0,Sell
1585479486.5059,6176.5,0.037,Sell
1585479505.0486,6175.0,0.3,Sell
1585479515.3658,6171.5,4.859,Sell
1585479527.8486,6173.5,0.135,Buy
1585479530.9636,6180.0,0.01,Sell
1585479533.3736,6179.0,0.608,Buy
1585479537.3752,6178.0,0.049,Sell
1585479538.7452,6174.5,0.041,Buy
1585479541.3781,6174.5,0.082,Buy
1585479545.3798,6171.5,0.178,Sell
1585479550.6976,6161.5,0.05,Sell
1585479554.7732,6161.0,0.092,Buy
1585479568.3198,6174.5,0.004,Buy
1585479575.839,6169.5,0.008,Buy
1585479575.9038,6169.5,0.037,Buy
1585479577.3498,6170.0,0.652,Sell
1585479581.3515,6168.5,0.184,Sell
1585479585.3542,6167.5,0.441,Buy
1585479589.3559,6163.5,0.58,Buy
1585479597.7514,6174.0,1.299,Buy
1585479597.7514,6173.5,0.12,Buy
1585479597.7514,6173.5,2.921,Buy
1585479597.7514,6173.0,0.991,Buy
1585479597.7514,6172.5,3.631,Buy
1585479597.7514,6173.5,2.322,Buy
1585479597.7514,6172.5,2.214,Buy
1585479597.7514,6174.0,0.71,Buy
1585479597.7514,6173.0,1.553,Buy
1585479597.7514,6173.0,1.396,Buy
1585479597.7514,6173.0,2.885,Buy
1585479597.7514,6173.0,2.715,Buy
1585479597.7514,6174.5,2.561,Buy
1585479597.7514,6175.5,0.843,Buy
1585479597.7514,6174.5,2.115,Buy
1585479597.7514,6175.0,1.67,Buy
1585479597.7514,6175.0,0.95,Buy
1585479597.7514,6175.0,2.419,Buy
1585479597.7514,6175.5,0.697,Buy
1585479597.7514,6172.5,2.58,Buy
1585479597.7514,6175.5,2.115,Buy
1585479597.7514,6176.0,0.3,Buy
1585479597.7514,6176.0,1.657,Buy
1585479597.7514,6176.0,0.904,Buy
1585479597.7514,6176.0,4.229,Buy
1585479597.7514,6176.5,1.327,Buy
1585479597.7514,6176.5,3.013,Buy
1585479597.7514,6174.5,1.099,Buy
1585479597.7514,6172.0,0.873,Buy
1585479597.7514,6177.0,1.084,Buy
1585479597.7514,6171.5,3.021,Buy
1585479597.7514,6176.5,3.197,Buy
1585479597.7514,6165.5,3.28,Buy
1585479597.7514,6166.0,2.881,Buy
1585479597.7514,6166.0,2.273,Buy
1585479597.7514,6166.5,1.537,Buy
1585479597.7514,6166.5,1.32,Buy
1585479597.7514,6172.0,3.467,Buy
1585479597.7514,6167.0,1.584,Buy
1585479597.7514,6167.5,1.537,Buy
1585479597.7514,6168.0,0.856,Buy
1585479597.7514,6167.0,0.767,Buy
1585479597.7514,6169.5,5.609,Buy
1585479597.7514,6168.0,1.495,Buy
1585479597.7514,6171.0,1.31,Buy
1585479597.7514,6170.5,1.717,Buy
1585479597.7514,6170.5,1.993,Buy
1585479597.7514,6171.5,1.853,Buy
1585479597.7514,6170.0,2.355,Buy
1585479597.7514,6169.5,1.414,Buy
1585479597.7514,6169.5,1.386,Buy
1585479597.7514,6170.0,1.955,Buy
1585479604.8997,6163.0,0.023,Sell
1585479617.7899,6163.5,0.029,Buy
1585479635.3485,6163.0,0.122,Sell
1585479635.4486,6163.0,0.1,Sell
1585479635.5485,6163.0,0.147,Sell
1585479649.3516,6164.0,0.792,Buy
1585479654.6141,6165.0,0.03,Sell
1585479661.3545,6165.0,0.363,Buy
1585479678.6484,6163.0,0.007,Sell
1585479685.7486,6160.0,0.006,Sell
1585479690.8499,6153.5,0.107,Sell
1585479690.8499,6157.0,0.05,Sell
1585479690.8499,6154.0,5.914,Sell
1585479690.8499,6154.0,2.246,Sell
1585479690.8499,6153.5,0.683,Sell
1585479693.4156,6156.0,0.2,Sell
1585479697.3496,6156.0,0.38,Sell
1585479697.7734,6157.5,0.023,Buy
1585479714.9521,6158.0,0.042,Sell
1585479739.3554,6160.5,0.75,Sell
1585479748.2797,6159.5,0.036,Sell
1585479757.3496,6159.5,0.356,Sell
1585479757.3496,6159.5,0.502,Sell
1585479769.7484,6158.0,0.1,Sell
1585479779.354,6160.0,0.088,Buy
1585479790.3557,6159.0,0.66,Buy
1585479817.3497,6160.5,0.832,Sell
1585479832.3603,6156.5,0.01,Sell
1585479836.3515,6155.0,0.496,Buy
1585479838.8057,6155.5,2.628,Buy
1585479838.8057,6156.0,0.818,Buy
1585479855.3542,6156.0,0.255,Sell
1585479874.3559,6156.0,0.377,Sell
1585479879.1548,6157.0,0.1,Buy
1585479893.363,6156.5,0.559,Sell
1585479908.3648,6154.0,0.204,Buy
1585479913.085,6155.0,1.0,Sell
1585479923.3677,6155.5,0.299,Sell
1585479938.3694,6155.5,1.935,Buy
1585479953.3772,6155.5,0.406,Buy
1585479999.3817,6155.5,0.992,Sell
1585480021.9485,6156.0,0.018,Buy
1585480021.9485,6156.0,0.1,Buy
1585480034.6486,6163.0,0.037,Buy
1585480040.7847,6171.5,0.447,Buy
1585480040.7901,6171.5,0.076,Buy
1585480043.4973,6169.0,0.176,Buy
1585480045.387,6168.5,0.048,Sell
1585480047.3916,6170.5,0.783,Buy
1585480048.3933,6170.5,0.042,Buy
1585480052.2076,6168.5,6.0,Buy
1585480056.5624,6165.5,0.05,Sell
1585480057.3496,6166.0,0.814,Buy
1585480064.5376,6167.0,0.05,Buy
1585480069.9421,6169.0,0.05,Buy
1585480069.9421,6169.5,0.397,Buy
1585480071.3514,6168.5,0.806,Sell
1585480085.3542,6174.5,0.024,Sell
1585480101.4693,6175.0,0.038,Buy
1585480104.697,6183.0,0.085,Sell
1585480117.3496,6178.5,0.371,Buy
1585480126.8059,6179.5,0.023,Buy
1585480136.3515,6176.5,0.651,Buy
1585480155.3543,6175.5,0.298,Sell
1585480165.3486,6175.0,3.107,Sell
1585480173.6808,6175.0,0.447,Sell
1585480190.4938,6171.0,0.1,Buy
1585480190.9028,6171.0,4.797,Buy
1585480200.3606,6170.0,0.854,Sell
1585480207.3634,6170.5,0.389,Sell
1585480214.3652,6170.5,0.746,Buy
1585480221.3691,6170.5,0.137,Sell
1585480239.3756,6167.0,0.193,Buy
1585480260.9051,6166.0,1.855,Buy
1585480262.3773,6165.0,0.618,Buy
1585480285.38,6165.0,4.723,Buy
1585480293.7221,6164.5,3.0,Sell
1585480308.3817,6169.5,0.633,Buy
1585480331.3844,6169.5,2.202,Sell
1585480343.5369,6168.5,0.035,Sell
1585480346.3907,6169.5,4.891,Buy
1585480357.3496,6168.5,0.365,Sell
1585480379.3513,6167.0,0.076,Sell
1585480389.0058,6154.0,0.2,Sell
1585480401.354,6151.0,0.351,Buy
1585480421.6812,6151.5,0.8,Sell
1585480423.3557,6152.5,0.091,Buy
1585480445.3583,6159.5,0.928,Buy
1585480469.3601,6151.5,0.964,Sell
1585480479.632,6151.0,0.018,Buy
1585480479.9866,6151.0,0.018,Buy
1585480481.4661,6150.0,0.1,Sell
1585480481.4661,6150.0,0.001,Sell
1585480489.8152,6146.5,0.2,Sell
1585480493.363,6149.5,2.215,Sell
1585480494.9485,6150.0,0.192,Buy
1585480501.9794,6148.5,0.1,Sell
1585480517.3647,6147.0,0.166,Buy
1585480533.2788,6147.0,0.1,Buy
1585480590.8803,6149.5,0.1,Buy
1585480593.3772,6149.0,4.58,Sell
1585480610.5933,6147.0,3.23,Buy
1585480615.1325,6146.0,0.1,Sell
1585480619.3789,6147.5,0.752,Sell
1585480646.3835,6147.5,0.01,Sell
1585480646.3835,6147.5,0.805,Sell
1585480647.3885,6144.0,0.672,Buy
1585480648.3902,6144.0,0.763,Buy
1585480657.3497,6140.0,0.288,Buy
1585480657.3551,6139.5,0.05,Sell
1585480684.1758,6136.5,0.025,Buy
1585480684.3515,6135.5,0.018,Sell
1585480711.3543,6135.5,4.983,Buy
1585480724.2058,6136.5,0.1,Buy
1585480738.356,6137.0,0.948,Buy
1585480762.4686,6141.5,2.0,Buy
1585480765.3598,6139.5,0.861,Sell
1585480765.3598,6139.5,3.991,Sell
1585480772.3615,6142.5,3.317,Buy
1585480779.3644,6144.0,0.411,Sell
1585480786.3661,6142.0,0.737,Buy
1585480793.3688,6141.5,0.24,Sell
1585480797.9456,6140.5,0.018,Sell
1585480809.3705,6137.0,0.593,Sell
1585480825.3733,6141.0,0.167,Sell
1585480841.375,6147.0,0.805,Buy
1585480857.3818,6146.5,0.411,Sell
1585480859.3863,6146.5,0.504,Sell
1585480860.3881,6147.5,0.916,Sell
1585480897.3496,6152.0,0.001,Sell
1585480902.0469,6152.5,1.0,Buy
1585480949.3542,6149.5,0.239,Sell
1585480975.356,6146.5,0.559,Buy
1585481000.8673,6142.0,0.911,Buy
1585481001.3587,6141.0,0.1,Sell
1585481003.2995,6141.5,0.234,Buy
1585481011.3604,6140.0,0.467,Sell
1585481021.3633,6139.5,2.36,Sell
1585481026.638,6140.0,0.05,Sell
1585481041.3696,6140.5,0.042,Sell
1585481046.0183,6140.5,0.22,Buy
1585481079.8105,6140.0,0.4,Sell
1585481111.0454,6140.0,0.1,Sell
1585481119.3807,6138.5,0.108,Sell
1585481140.9466,6137.5,0.008,Sell
1585481159.396,6137.5,0.983,Sell
1585481197.3496,6137.5,0.916,Sell
1585481218.3514,6137.5,0.807,Sell
1585481262.0487,6138.0,0.05,Buy
1585481272.5486,6140.0,0.017,Buy
1585481272.6485,6141.0,0.015,Buy
1585481281.3587,6145.0,0.897,Buy
1585481295.3605,6145.0,0.779,Sell
1585481309.3649,6143.5,0.079,Sell
1585481323.3666,6144.0,0.697,Sell
1585481337.3761,6145.0,0.14,Buy
1585481365.3805,6142.5,0.451,Sell
1585481393.0757,6145.0,0.2,Buy
1585481398.8344,6145.0,0.2,Buy
1585481400.9704,6145.0,0.2,Buy
1585481401.3877,6144.5,0.84,Buy
1585481408.9054,6145.5,0.02,Buy
1585481409.3926,6145.0,0.973,Sell
1585481423.3945,6147.5,0.059,Sell
1585481437.3973,6147.5,0.206,Buy
1585481465.4017,6146.0,0.951,Sell
1585481491.4035,6146.5,0.588,Sell
1585481569.4109,6147.5,0.026,Sell
1585481590.4128,6147.5,0.67,Sell
1585481609.6274,6147.5,0.029,Sell
1585481611.4168,6147.5,0.339,Sell
1585481611.8152,6148.0,0.2,Buy
1585481611.8152,6151.0,0.8,Buy
1585481632.4185,6152.0,2.956,Sell
1585481652.0826,6157.5,0.15,Buy
1585481653.4212,6156.0,0.078,Buy
1585481676.4231,6154.5,0.682,Sell
1585481682.7282,6150.0,0.107,Buy
1585481693.8293,6148.0,0.003,Sell
1585481700.5248,6146.0,0.002,Sell
1585481773.4329,6145.5,0.661,Buy
1585481780.8025,6145.5,0.025,Sell
1585481799.0766,6146.5,0.069,Sell
1585481800.7231,6147.5,0.424,Buy
1585481801.4424,6146.5,0.427,Buy
1585481810.4441,6147.5,0.742,Sell
1585481828.4487,6147.5,0.52,Sell
1585481857.3495,6149.5,0.813,Sell
1585481877.3513,6149.5,0.386,Sell
1585481897.354,6149.5,0.329,Sell
1585481946.3485,6150.0,0.1,Buy
1585481953.3709,6153.5,0.192,Sell
1585481961.3726,6152.5,0.448,Buy
1585481977.3496,6153.5,4.707,Sell
1585481995.3514,6154.5,0.075,Sell
1585482003.0401,6154.0,0.001,Sell
1585482003.0401,6150.5,0.142,Sell
1585482003.0401,6153.5,0.069,Sell
1585482006.9842,6151.5,0.015,Buy
1585482013.3542,6151.5,0.908,Sell
1585482024.9151,6150.5,0.212,Sell
1585482049.3629,6151.5,0.155,Sell
1585482074.7101,6151.5,0.274,Sell
