1594598401.3456,9295.0,0.001,Buy
1594598403.6509,9295.0,0.144,Buy
1594598403.6509,9295.0,0.962,Buy
1594598403.6509,9295.0,0.001,Buy
1594598403.9724,9295.0,0.108,Buy
1594598403.9724,9295.0,0.773,Buy
1594598405.265,9294.5,0.001,Sell
1594598405.265,9294.5,0.014,Sell
1594598405.5612,9295.0,0.227,Buy
1594598405.5612,9295.0,0.199,Buy
1594598405.5612,9295.0,0.561,Buy
1594598405.7995,9295.0,0.78,Buy
1594598406.1805,9295.0,0.01,Buy
1594598408.3786,9294.5,0.001,Sell
1594598408.6978,9297.0,0.005,Buy
1594598408.6978,9297.0,0.092,Buy
1594598408.6978,9297.0,0.242,Buy
1594598408.6978,9297.0,0.002,Buy
1594598408.6978,9297.0,0.006,Buy
1594598408.6978,9297.0,0.001,Buy
1594598408.6978,9295.0,0.001,Buy
1594598408.6978,9297.0,0.001,Buy
1594598408.6978,9296.0,0.001,Buy
1594598408.6978,9296.0,0.001,Buy
1594598408.6978,9297.0,4.023,Buy
1594598408.6978,9295.0,0.001,Buy
1594598408.6978,9295.0,1.049,Buy
1594598408.6978,9297.0,0.001,Buy
1594598408.6978,9295.0,0.001,Buy
1594598410.1989,9297.0,0.015,Buy
1594598411.959,9297.0,0.174,Buy
1594598415.1574,9297.0,0.001,Buy
1594598415.1574,9297.0,0.001,Buy
1594598415.1574,9297.0,0.001,Buy
1594598415.1574,9297.0,0.001,Buy
1594598416.186,9297.5,0.009,Sell
1594598416.6065,9298.0,0.001,Buy
1594598416.6065,9298.0,0.002,Buy
1594598416.6065,9298.0,0.002,Buy
1594598416.6065,9298.0,0.009,Buy
1594598416.6065,9298.0,0.015,Buy
1594598416.6065,9298.0,0.001,Buy
1594598416.6065,9298.0,0.001,Buy
1594598416.6065,9298.0,0.001,Buy
1594598416.7738,9299.0,0.001,Buy
1594598416.7738,9299.0,0.165,Buy
1594598417.4804,9299.0,0.135,Buy
1594598417.4804,9299.0,0.676,Buy
1594598417.4804,9299.0,0.008,Buy
1594598417.4804,9299.0,0.005,Buy
1594598417.4804,9299.0,0.001,Buy
1594598417.4804,9299.0,0.108,Buy
1594598417.4804,9299.0,0.005,Buy
1594598417.4804,9299.0,0.001,Buy
1594598417.4804,9299.0,0.001,Buy
1594598417.6298,9300.0,0.24,Buy
1594598417.6355,9300.0,0.01,Buy
1594598417.6584,9300.0,2.28,Buy
1594598417.6775,9300.0,2.281,Buy
1594598417.7312,9300.0,0.116,Buy
1594598418.1814,9300.0,0.242,Buy
1594598418.1814,9300.0,0.107,Buy
1594598418.1814,9300.0,0.065,Buy
1594598418.1814,9300.0,1.0,Buy
1594598418.1814,9300.0,0.001,Buy
1594598418.1814,9300.0,0.001,Buy
1594598418.1814,9300.0,0.5,Buy
1594598418.1814,9300.0,0.05,Buy
1594598418.1814,9300.0,0.001,Buy
1594598418.1814,9300.0,0.25,Buy
1594598418.1814,9300.0,0.005,Buy
1594598418.1814,9300.0,0.003,Buy
1594598418.1814,9300.0,0.014,Buy
1594598418.1814,9300.0,0.034,Buy
1594598418.1814,9300.0,0.012,Buy
1594598418.1814,9300.0,0.001,Buy
1594598418.1814,9300.0,0.053,Buy
1594598418.1814,9300.0,0.05,Buy
1594598418.389,9307.0,0.001,Buy
1594598418.389,9306.5,0.001,Buy
1594598418.389,9306.0,0.002,Buy
1594598418.389,9306.0,0.022,Buy
1594598418.389,9306.0,0.001,Buy
1594598418.389,9306.0,0.002,Buy
1594598418.389,9306.0,0.001,Buy
1594598418.389,9305.0,0.005,Buy
1594598418.389,9305.5,0.001,Buy
1594598418.389,9305.5,0.001,Buy
1594598418.389,9305.0,0.05,Buy
1594598418.389,9305.0,0.006,Buy
1594598418.389,9305.0,0.002,Buy
1594598418.389,9305.0,0.001,Buy
1594598418.389,9304.5,0.05,Buy
1594598418.389,9305.5,0.016,Buy
1594598418.389,9307.0,0.048,Buy
1594598418.389,9309.0,0.092,Buy
1594598418.389,9307.5,0.001,Buy
1594598418.389,9310.0,0.039,Buy
1594598418.389,9310.0,0.005,Buy
1594598418.389,9310.0,0.1,Buy
1594598418.389,9310.0,0.003,Buy
1594598418.389,9310.0,0.001,Buy
1594598418.389,9310.0,0.001,Buy
1594598418.389,9309.5,0.001,Buy
1594598418.389,9307.0,0.005,Buy
1594598418.389,9309.0,0.005,Buy
1594598418.389,9309.0,0.001,Buy
1594598418.389,9308.5,0.001,Buy
1594598418.389,9308.0,0.05,Buy
1594598418.389,9308.0,0.1,Buy
1594598418.389,9308.0,0.001,Buy
1594598418.389,9308.0,0.001,Buy
1594598418.389,9307.5,0.242,Buy
1594598418.389,9309.0,0.002,Buy
1594598418.389,9304.5,0.001,Buy
1594598418.389,9301.0,0.032,Buy
1594598418.389,9304.0,0.001,Buy
1594598418.389,9300.5,0.001,Buy
1594598418.389,9301.0,0.001,Buy
1594598418.389,9301.0,0.005,Buy
1594598418.389,9304.0,0.001,Buy
1594598418.389,9301.0,0.005,Buy
1594598418.389,9301.5,0.001,Buy
1594598418.389,9302.0,0.001,Buy
1594598418.389,9302.0,0.001,Buy
1594598418.389,9302.0,0.002,Buy
1594598418.389,9302.0,0.003,Buy
1594598418.389,9302.5,0.001,Buy
1594598418.389,9302.5,0.004,Buy
1594598418.389,9303.0,0.001,Buy
1594598418.389,9303.0,0.005,Buy
1594598418.389,9303.5,0.001,Buy
1594598418.389,9304.0,0.001,Buy
1594598418.389,9302.0,0.003,Buy
1594598418.3962,9310.0,0.011,Buy
1594598418.3962,9310.0,0.019,Buy
1594598418.3964,9310.0,0.003,Buy
1594598418.3965,9310.0,0.001,Buy
1594598418.3965,9300.0,0.3,Sell
1594598418.397,9310.0,0.2,Buy
1594598418.3972,9311.5,0.243,Buy
1594598418.3972,9311.5,0.15,Buy
1594598418.3972,9311.5,0.001,Buy
1594598418.3972,9311.0,0.005,Buy
1594598418.3972,9311.0,0.001,Buy
1594598418.3972,9311.0,0.001,Buy
1594598418.3972,9311.0,0.001,Buy
1594598418.3972,9311.0,0.2,Buy
1594598418.3972,9310.5,0.001,Buy
1594598418.3972,9310.0,0.1,Buy
1594598418.3972,9310.0,0.177,Buy
1594598418.3972,9310.0,0.5,Buy
1594598418.4612,9303.0,0.05,Sell
1594598418.5307,9303.5,0.1,Buy
1594598422.1959,9303.5,0.001,Buy
1594598422.5287,9303.5,0.001,Buy
1594598424.8887,9303.5,0.002,Buy
1594598424.8887,9303.5,0.048,Buy
1594598424.8887,9303.5,0.001,Buy
1594598424.8887,9305.0,0.049,Buy
1594598433.3713,9305.0,0.001,Buy
1594598433.6494,9305.0,0.001,Buy
1594598433.8628,9305.0,0.005,Buy
1594598433.8628,9305.0,0.001,Buy
1594598433.8628,9307.5,0.716,Buy
1594598434.8034,9307.0,0.2,Sell
1594598435.0255,9307.5,0.001,Buy
1594598435.3138,9307.5,0.001,Buy
1594598436.3363,9307.5,0.001,Buy
1594598437.0031,9307.0,0.012,Sell
1594598439.1284,9307.5,0.149,Buy
1594598442.6787,9307.5,0.147,Buy
1594598448.2714,9307.0,0.096,Sell
1594598448.2714,9307.0,0.001,Sell
1594598450.4951,9307.5,0.18,Buy
1594598450.7047,9307.5,0.521,Buy
1594598450.7047,9307.5,0.463,Buy
1594598452.2528,9307.0,0.001,Sell
1594598453.1395,9307.0,0.001,Sell
1594598453.2628,9307.0,0.005,Sell
1594598461.2807,9307.5,0.001,Buy
1594598462.1188,9307.0,0.001,Sell
1594598464.4007,9307.0,0.75,Sell
1594598471.1482,9307.5,0.001,Buy
1594598490.1105,9307.5,0.5,Buy
1594598493.5074,9307.0,0.005,Sell
1594598495.3281,9307.0,0.06,Sell
1594598519.7481,9307.5,0.001,Buy
1594598519.7481,9307.5,0.004,Buy
1594598519.7481,9308.0,0.003,Buy
1594598519.7481,9308.0,0.001,Buy
1594598536.253,9308.0,0.001,Buy
1594598536.253,9308.0,0.116,Buy
1594598536.253,9308.0,0.111,Buy
1594598536.253,9308.0,0.107,Buy
1594598536.253,9308.0,0.001,Buy
1594598538.2859,9310.0,0.481,Buy
1594598538.2859,9309.0,0.006,Buy
1594598538.2859,9310.0,0.001,Buy
1594598538.2859,9310.0,0.5,Buy
1594598538.2859,9309.0,0.001,Buy
1594598538.2859,9309.0,0.009,Buy
1594598538.2859,9310.0,0.001,Buy
1594598538.2859,9309.0,0.001,Buy
1594598543.1827,9310.0,0.019,Buy
1594598543.1827,9310.0,0.331,Buy
1594598544.3747,9310.0,0.069,Buy
1594598544.3747,9310.0,0.009,Buy
1594598544.3747,9310.5,0.005,Buy
1594598551.8658,9311.0,0.009,Buy
1594598551.8658,9311.0,0.001,Buy
1594598551.8658,9311.0,0.032,Buy
1594598551.8658,9311.0,0.001,Buy
1594598551.8658,9311.5,6.062,Buy
1594598555.418,9312.0,0.001,Buy
1594598555.418,9312.0,0.424,Buy
1594598555.418,9312.0,0.002,Buy
1594598555.4315,9312.0,0.427,Buy
1594598557.9931,9311.0,0.001,Buy
1594598561.5993,9311.0,1.836,Buy
1594598561.6286,9311.0,0.427,Buy
1594598573.0193,9310.5,0.001,Sell
1594598573.0193,9310.5,0.001,Sell
1594598573.0193,9310.5,0.003,Sell
1594598580.1542,9310.5,0.104,Sell
1594598580.1542,9310.5,0.396,Sell
1594598581.2584,9311.0,0.001,Buy
1594598582.0152,9310.5,0.631,Sell
1594598582.598,9312.0,0.05,Buy
1594598582.598,9312.0,0.001,Buy
1594598582.598,9312.0,0.19,Buy
1594598582.598,9311.0,0.002,Buy
1594598582.598,9311.0,0.002,Buy
1594598582.598,9311.0,0.001,Buy
1594598582.598,9312.5,0.006,Buy
1594598582.598,9312.5,0.001,Buy
1594598582.598,9312.5,1.095,Buy
1594598582.598,9312.0,0.4,Buy
1594598582.598,9311.0,0.064,Buy
1594598582.598,9312.0,0.5,Buy
1594598582.8039,9312.0,0.039,Sell
1594598591.2901,9311.0,0.001,Sell
1594598593.3232,9311.0,1.151,Buy
1594598593.3232,9311.0,1.849,Buy
1594598599.1529,9310.5,0.149,Sell
1594598599.6509,9310.5,6.851,Sell
1594598599.6509,9310.5,0.001,Sell
1594598604.3429,9310.0,0.249,Sell
1594598604.3429,9310.0,0.001,Sell
1594598605.3631,9310.0,0.5,Sell
1594598610.0408,9310.0,0.151,Sell
1594598610.0408,9310.0,0.5,Sell
1594598610.1105,9309.0,0.001,Sell
1594598610.1105,9307.0,0.049,Sell
1594598610.1105,9307.0,0.001,Sell
1594598610.1105,9307.0,0.19,Sell
1594598610.1105,9307.5,0.001,Sell
1594598610.1105,9309.5,0.001,Sell
1594598610.1105,9308.0,0.005,Sell
1594598610.1105,9308.5,0.001,Sell
1594598610.1105,9308.0,0.001,Sell
1594598611.9952,9307.0,0.001,Sell
1594598611.9952,9307.0,0.009,Sell
1594598611.9952,9307.0,0.001,Sell
1594598611.9952,9306.5,0.001,Sell
1594598611.9952,9307.0,0.001,Sell
1594598611.9952,9307.0,0.005,Sell
1594598612.015,9306.0,0.032,Sell
1594598612.015,9306.0,0.001,Sell
1594598613.5461,9305.5,0.001,Sell
1594598613.5461,9304.0,0.001,Sell
1594598613.5461,9304.0,0.001,Sell
1594598613.5461,9304.0,0.001,Sell
1594598613.5461,9304.5,0.001,Sell
1594598613.5461,9305.5,0.001,Sell
1594598613.5461,9305.5,0.001,Sell
1594598613.5461,9305.5,0.009,Sell
1594598613.5461,9305.5,0.001,Sell
1594598613.5461,9304.0,0.469,Sell
1594598613.5461,9305.5,0.002,Sell
1594598613.5461,9305.0,0.001,Sell
1594598613.5461,9305.0,0.006,Sell
1594598613.5461,9305.0,0.005,Sell
1594598614.6515,9304.0,0.012,Sell
1594598617.6022,9303.5,0.001,Sell
1594598617.6022,9303.5,0.002,Sell
1594598617.6022,9303.5,0.015,Sell
1594598617.6022,9303.0,0.001,Sell
1594598617.6022,9303.5,0.001,Sell
1594598617.6022,9303.0,0.67,Sell
1594598617.6022,9303.0,0.31,Sell
1594598617.978,9302.5,0.001,Sell
1594598622.9778,9302.5,0.005,Sell
1594598624.6933,9302.5,0.098,Sell
1594598624.6933,9302.5,0.102,Sell
1594598626.0078,9302.5,0.001,Sell
1594598637.7705,9302.0,0.001,Sell
1594598637.7705,9302.0,0.001,Sell
1594598637.7705,9302.0,0.002,Sell
1594598637.7705,9302.0,0.048,Sell
1594598637.7705,9302.0,0.051,Sell
1594598637.7705,9302.5,0.008,Sell
1594598637.7705,9302.5,0.001,Sell
1594598641.2926,9301.5,0.001,Sell
1594598642.7012,9301.5,0.001,Sell
1594598644.6309,9301.0,0.001,Sell
1594598644.6309,9301.0,0.099,Sell
1594598647.3227,9301.5,0.001,Buy
1594598647.7336,9301.5,0.001,Buy
1594598649.3138,9301.0,8.062,Sell
1594598673.1784,9301.0,0.124,Buy
1594598674.8472,9300.5,0.3,Sell
1594598674.8472,9300.5,0.292,Sell
1594598674.8472,9300.5,0.001,Sell
1594598674.8472,9300.5,0.054,Sell
1594598674.8472,9300.5,2.0,Sell
1594598675.9574,9300.5,0.005,Buy
1594598678.0544,9300.0,0.001,Sell
1594598678.0544,9300.0,0.004,Sell
1594598678.5075,9300.0,0.115,Buy
1594598678.8888,9299.5,0.001,Sell
1594598678.8888,9299.5,0.349,Sell
1594598685.9987,9299.5,0.05,Buy
1594598686.8645,9299.0,0.001,Sell
1594598686.8645,9299.0,0.007,Sell
1594598686.8645,9298.5,0.001,Sell
1594598686.8645,9298.5,0.191,Sell
1594598693.0289,9298.0,0.002,Sell
1594598693.0289,9298.0,0.001,Sell
1594598693.0289,9298.0,0.002,Sell
1594598696.219,9297.5,0.032,Sell
1594598696.219,9297.5,0.001,Sell
1594598696.3229,9297.0,0.001,Sell
1594598696.3229,9297.0,0.006,Sell
1594598696.3229,9297.0,0.002,Sell
1594598696.3229,9297.0,0.242,Sell
1594598696.3229,9297.0,0.335,Sell
1594598696.3229,9297.0,0.001,Sell
1594598696.3229,9297.0,0.001,Sell
1594598696.3229,9297.0,5.32,Sell
1594598696.3229,9297.0,0.092,Sell
1594598697.5874,9296.5,0.001,Sell
1594598697.5874,9296.5,0.001,Sell
1594598698.0827,9296.0,0.001,Sell
1594598698.0827,9296.0,0.001,Sell
1594598698.5512,9296.0,0.5,Buy
1594598698.5753,9295.5,0.005,Sell
1594598698.5753,9295.5,0.001,Sell
1594598699.3619,9295.0,0.001,Sell
1594598699.3619,9295.0,1.5,Sell
1594598699.3619,9295.0,0.001,Sell
1594598699.3681,9295.0,0.023,Buy
1594598715.4772,9295.0,0.008,Buy
1594598729.8442,9295.0,0.001,Buy
1594598729.8442,9295.0,2.28,Buy
1594598729.8442,9295.0,0.005,Buy
1594598729.8442,9295.0,0.108,Buy
1594598729.8442,9295.0,0.002,Buy
1594598729.8442,9295.0,0.001,Buy
1594598729.8442,9295.0,0.001,Buy
1594598729.8442,9295.0,0.001,Buy
1594598729.8442,9295.0,0.001,Buy
1594598729.8442,9295.0,0.009,Buy
1594598729.8442,9295.0,0.015,Buy
1594598743.374,9296.0,0.001,Buy
1594598743.374,9296.0,0.001,Buy
1594598743.374,9296.0,0.018,Buy
1594598747.4454,9296.0,0.096,Buy
1594598753.217,9295.5,0.05,Sell
1594598753.217,9295.5,0.001,Sell
1594598753.217,9295.5,0.001,Sell
1594598753.217,9295.0,0.001,Sell
1594598753.217,9295.5,0.108,Sell
1594598753.217,9295.5,0.064,Sell
1594598753.217,9295.5,0.001,Sell
1594598753.217,9295.5,0.108,Sell
1594598753.4278,9294.5,0.015,Sell
1594598753.4278,9294.5,0.545,Sell
1594598753.4278,9294.5,0.001,Sell
1594598753.4278,9294.5,0.1,Sell
1594598753.4278,9294.5,0.67,Sell
1594598753.4278,9294.5,0.95,Sell
1594598753.49,9294.5,0.128,Sell
1594598753.5002,9294.5,2.28,Sell
1594598761.233,9294.5,0.001,Buy
1594598761.5319,9294.5,0.19,Buy
1594598761.8694,9294.0,0.023,Sell
1594598761.8694,9294.0,0.13,Sell
1594598761.8694,9294.0,0.001,Sell
1594598761.8694,9294.0,0.001,Sell
1594598761.8694,9294.0,0.001,Sell
1594598761.8694,9294.0,0.001,Sell
1594598769.0516,9294.5,0.176,Buy
1594598769.2625,9294.0,0.001,Sell
1594598774.5132,9293.5,0.001,Sell
1594598774.5132,9293.5,0.91,Sell
1594598774.5132,9294.0,0.089,Sell
1594598776.1888,9293.5,0.839,Sell
1594598776.7206,9293.5,0.001,Sell
1594598791.087,9293.5,0.014,Sell
1594598791.6307,9293.5,0.176,Sell
1594598791.6307,9293.5,0.319,Sell
1594598791.6307,9293.5,0.001,Sell
1594598791.6307,9293.5,0.001,Sell
1594598791.6307,9293.5,0.001,Sell
1594598791.6307,9293.5,0.001,Sell
1594598791.6307,9293.5,0.001,Sell
1594598801.2958,9294.0,0.001,Buy
1594598801.2958,9294.0,0.005,Buy
1594598801.2958,9294.0,0.001,Buy
1594598801.2958,9294.0,0.015,Buy
1594598801.2958,9294.0,0.001,Buy
1594598801.2958,9294.0,0.001,Buy
1594598801.2958,9294.0,0.001,Buy
1594598801.2958,9294.0,0.001,Buy
1594598801.2958,9294.0,0.001,Buy
1594598801.5471,9295.0,0.001,Buy
1594598801.5471,9295.0,0.001,Buy
1594598801.5471,9295.0,0.1,Buy
1594598802.3759,9295.5,0.008,Sell
1594598804.1373,9300.0,0.001,Buy
1594598804.1373,9300.0,0.001,Buy
1594598804.1373,9300.0,0.19,Buy
1594598804.1373,9300.0,0.1,Buy
1594598804.1373,9300.0,0.025,Buy
1594598804.1373,9300.5,0.2,Buy
1594598804.1373,9299.0,0.001,Buy
1594598804.1373,9301.0,0.001,Buy
1594598804.1373,9299.0,0.02,Buy
1594598804.1373,9301.0,0.005,Buy
1594598804.1373,9302.0,0.001,Buy
1594598804.1373,9302.0,0.001,Buy
1594598804.1373,9302.0,0.1,Buy
1594598804.1373,9301.0,0.001,Buy
1594598804.1373,9299.0,0.001,Buy
1594598804.1373,9298.0,0.001,Buy
1594598804.1373,9302.0,0.001,Buy
1594598804.1373,9297.0,0.001,Buy
1594598804.1373,9297.0,0.001,Buy
1594598804.1373,9296.0,0.001,Buy
1594598804.1373,9296.0,0.009,Buy
1594598804.1373,9296.0,0.001,Buy
1594598804.1373,9296.0,0.001,Buy
1594598804.1373,9296.0,0.001,Buy
1594598804.1373,9296.0,0.108,Buy
1594598804.1373,9298.0,0.001,Buy
1594598804.1373,9302.0,0.226,Buy
1594598813.2603,9299.5,0.001,Buy
1594598814.2619,9299.5,0.001,Buy
1594598821.7754,9299.5,0.001,Buy
1594598821.8452,9299.5,0.001,Buy
1594598825.0473,9299.5,0.001,Buy
1594598829.8074,9299.0,0.001,Sell
1594598829.8737,9299.0,0.001,Sell
1594598852.1063,9299.0,0.065,Sell
1594598852.1063,9299.0,0.001,Sell
1594598852.1588,9298.5,0.001,Sell
1594598852.3377,9298.0,0.001,Sell
1594598852.494,9297.5,0.001,Sell
1594598852.8378,9297.0,0.001,Sell
1594598853.2395,9296.5,0.001,Sell
1594598853.2395,9296.5,0.009,Sell
1594598853.7712,9296.0,0.001,Sell
1594598853.7712,9296.0,0.001,Sell
1594598853.7712,9296.0,0.005,Sell
1594598854.2646,9295.5,0.001,Sell
1594598854.2646,9295.5,0.001,Sell
1594598857.2904,9295.5,0.5,Buy
1594598862.4032,9295.0,0.099,Sell
1594598862.4032,9295.0,0.001,Sell
1594598881.2785,9295.0,0.009,Sell
1594598881.2785,9295.0,0.005,Sell
1594598881.2785,9295.0,0.001,Sell
1594598881.2922,9295.0,0.081,Buy
1594598881.3742,9294.5,0.001,Sell
1594598881.4461,9294.0,0.001,Sell
1594598881.5773,9293.5,2.638,Sell
1594598881.5773,9293.5,0.001,Sell
1594598882.0097,9292.5,0.001,Sell
1594598882.0097,9291.5,0.125,Sell
1594598882.0097,9291.5,0.001,Sell
1594598882.0097,9293.0,0.001,Sell
1594598882.0097,9293.0,0.001,Sell
1594598882.0097,9293.0,0.001,Sell
1594598882.0097,9292.0,0.005,Sell
1594598882.0097,9292.0,0.001,Sell
1594598882.0097,9292.0,0.002,Sell
1594598883.5425,9292.0,0.123,Buy
1594598883.5425,9292.0,0.05,Buy
1594598922.2994,9291.5,0.001,Sell
1594598922.2994,9291.5,0.001,Sell
1594598922.2994,9291.5,0.005,Sell
1594598922.2994,9291.5,0.015,Sell
1594598922.2994,9291.5,0.001,Sell
1594598922.2994,9291.5,0.003,Sell
1594598922.2994,9291.5,0.002,Sell
1594598922.2994,9291.5,0.001,Sell
1594598922.2994,9291.5,0.001,Sell
1594598922.2994,9291.5,0.002,Sell
1594598922.2994,9291.5,0.001,Sell
1594598922.3688,9291.0,0.001,Sell
1594598922.3688,9291.0,0.001,Sell
1594598922.3688,9291.0,0.032,Sell
1594598922.7081,9290.5,0.001,Sell
1594598923.3665,9290.0,0.2,Sell
1594598923.3665,9290.0,0.1,Sell
1594598923.3665,9290.0,0.1,Sell
1594598923.3665,9290.0,0.002,Sell
1594598923.3665,9290.0,0.108,Sell
1594598923.3665,9290.0,0.001,Sell
1594598923.3665,9290.0,0.002,Sell
1594598923.3665,9290.0,0.002,Sell
1594598923.3665,9290.0,0.001,Sell
1594598923.3665,9290.0,0.001,Sell
1594598923.3665,9290.0,0.001,Sell
1594598923.3719,9290.0,0.5,Buy
1594598923.7853,9290.0,0.011,Buy
1594598926.1858,9290.0,0.018,Buy
1594598928.6099,9289.5,0.001,Sell
1594598950.0012,9289.0,0.001,Sell
1594598950.0012,9289.0,0.002,Sell
1594598950.0012,9289.0,0.006,Sell
1594598950.0012,9288.5,0.001,Sell
1594598950.0012,9288.5,0.005,Sell
1594598950.0012,9288.5,0.482,Sell
1594599003.0815,9288.5,0.001,Buy
1594599010.1192,9288.0,0.001,Sell
1594599021.738,9288.0,0.034,Sell
1594599021.738,9288.0,0.042,Sell
1594599074.7538,9288.0,0.005,Sell
1594599078.8302,9288.0,0.284,Sell
1594599078.8302,9288.0,0.012,Sell
1594599078.8302,9288.0,0.004,Sell
1594599078.8302,9288.0,0.004,Sell
1594599078.8302,9288.0,0.004,Sell
1594599099.1938,9286.0,0.001,Sell
1594599099.1938,9286.0,0.03,Sell
1594599099.1938,9286.5,0.19,Sell
1594599099.1938,9286.5,0.001,Sell
1594599099.1938,9287.0,0.022,Sell
1594599099.1938,9287.0,0.001,Sell
1594599099.1938,9287.5,0.054,Sell
1594599099.1938,9287.0,0.003,Sell
1594599099.1938,9287.5,0.001,Sell
1594599099.1938,9287.5,1.0,Sell
1594599105.9637,9286.5,0.05,Buy
1594599105.9637,9286.5,5.59,Buy
1594599105.9637,9286.5,2.36,Buy
1594599106.0931,9286.5,2.0,Buy
1594599106.0931,9286.5,0.108,Buy
1594599106.0931,9286.5,0.015,Buy
1594599106.0931,9286.5,1.0,Buy
1594599106.0931,9286.5,0.001,Buy
1594599106.1505,9287.0,0.001,Buy
1594599106.1505,9287.0,0.001,Buy
1594599106.186,9287.5,0.024,Sell
1594599106.3261,9288.0,0.001,Buy
1594599106.3261,9288.0,0.001,Buy
1594599106.3261,9288.0,0.001,Buy
1594599106.3261,9288.0,0.005,Buy
1594599106.3261,9288.0,0.009,Buy
1594599106.3261,9288.0,0.1,Buy
1594599106.3261,9288.0,1.692,Buy
1594599106.3261,9288.0,0.002,Buy
1594599106.8641,9288.5,0.021,Sell
1594599106.9841,9289.0,0.001,Buy
1594599106.9841,9289.0,0.001,Buy
1594599107.0843,9290.0,0.001,Buy
1594599107.0843,9290.0,0.001,Buy
1594599107.1843,9291.0,0.05,Buy
1594599107.1843,9291.0,0.001,Buy
1594599107.1843,9291.0,0.001,Buy
1594599115.4103,9291.5,1.33,Sell
1594599122.1425,9291.5,0.001,Sell
1594599122.266,9291.5,0.001,Sell
1594599122.2697,9292.0,0.001,Buy
1594599127.1702,9292.0,0.001,Buy
1594599131.2946,9292.0,0.001,Buy
1594599132.2973,9291.5,0.001,Sell
1594599142.4686,9292.0,0.1,Buy
1594599142.4686,9292.0,0.05,Buy
1594599142.4686,9292.0,2.098,Buy
1594599146.36,9292.0,0.608,Buy
1594599219.3798,9291.5,0.001,Sell
1594599219.3798,9291.5,0.001,Sell
1594599219.3798,9291.5,0.001,Sell
1594599219.3798,9291.5,0.009,Sell
1594599219.7824,9291.0,5.32,Sell
1594599219.7824,9291.0,3.68,Sell
1594599219.7908,9291.0,0.001,Sell
1594599223.0805,9291.0,0.009,Sell
1594599223.0805,9291.0,0.015,Sell
1594599223.0805,9291.0,0.001,Sell
1594599226.1874,9291.0,0.02,Buy
1594599227.9189,9291.0,0.371,Buy
1594599230.8006,9291.0,0.005,Buy
1594599242.8144,9291.0,0.809,Buy
1594599243.1825,9290.5,0.001,Sell
1594599243.1995,9291.0,0.001,Buy
1594599246.9275,9291.0,0.49,Buy
1594599249.2205,9291.0,0.001,Buy
1594599251.2328,9290.5,0.001,Sell
1594599255.8282,9291.0,0.097,Buy
1594599256.1859,9291.0,0.001,Buy
1594599263.1352,9290.5,0.03,Sell
1594599266.9367,9291.0,0.008,Buy
1594599268.4073,9290.5,0.077,Sell
1594599268.4073,9290.5,0.25,Sell
1594599268.4073,9290.5,0.009,Sell
1594599268.4073,9290.5,0.001,Sell
1594599268.4282,9290.0,0.001,Sell
1594599268.4282,9290.0,0.123,Sell
1594599268.462,9290.0,0.227,Sell
1594599275.0587,9289.5,0.001,Sell
1594599275.0587,9289.5,0.009,Sell
1594599300.7222,9288.5,0.001,Sell
1594599300.7222,9288.5,0.005,Sell
1594599300.7222,9288.5,5.3,Sell
1594599300.7222,9288.5,8.81,Sell
1594599300.7222,9288.5,4.34,Sell
1594599300.7222,9289.0,0.001,Sell
1594599300.8733,9288.5,0.302,Sell
1594599301.429,9288.5,0.001,Buy
1594599309.4591,9288.0,0.001,Sell
1594599345.9172,9288.0,0.47,Buy
1594599345.9711,9288.0,0.857,Buy
1594599346.1857,9288.0,0.735,Buy
1594599358.9295,9288.0,0.025,Buy
1594599361.6179,9288.0,0.001,Buy
1594599365.0468,9287.0,0.882,Sell
1594599365.0468,9287.0,6.47,Sell
1594599365.0468,9287.0,0.95,Sell
1594599365.0468,9287.0,0.67,Sell
1594599365.0468,9287.0,0.001,Sell
1594599365.0468,9287.0,0.024,Sell
1594599365.0468,9287.0,1.0,Sell
1594599365.0468,9287.5,0.001,Sell
1594599365.0468,9287.5,0.002,Sell
1594599369.6477,9286.5,0.001,Sell
1594599509.1336,9286.5,0.159,Sell
1594599519.4013,9286.5,0.1,Sell
1594599601.2832,9286.5,0.001,Sell
1594599601.7635,9287.0,0.001,Buy
1594599606.3155,9287.0,0.001,Buy
1594599608.7957,9286.5,0.001,Sell
1594599628.2361,9286.5,0.001,Sell
1594599628.2361,9286.5,0.025,Sell
1594599640.4644,9286.5,0.009,Sell
1594599640.4644,9286.5,0.25,Sell
1594599640.4644,9286.5,0.001,Sell
1594599640.4644,9286.5,0.001,Sell
1594599642.0236,9286.0,0.001,Sell
1594599642.0236,9286.0,0.001,Sell
1594599642.0236,9286.0,0.001,Sell
1594599642.0236,9286.0,0.003,Sell
1594599642.0236,9286.0,0.004,Sell
1594599642.0236,9286.0,0.212,Sell
1594599643.9564,9285.0,0.004,Sell
1594599643.9564,9285.0,0.002,Sell
1594599643.9564,9285.0,0.001,Sell
1594599643.9564,9285.0,0.056,Sell
1594599643.9564,9285.0,0.072,Sell
1594599643.9564,9285.0,0.003,Sell
1594599643.9564,9285.0,0.001,Sell
1594599643.9564,9285.0,0.092,Sell
1594599643.9564,9285.5,0.001,Sell
1594599643.9564,9285.5,0.008,Sell
1594599662.9769,9285.5,0.001,Buy
1594599663.3001,9285.0,0.01,Sell
1594599673.0107,9285.0,0.001,Sell
1594599721.4773,9285.5,0.001,Buy
1594599727.5333,9285.0,0.143,Sell
1594599728.5436,9285.5,0.106,Buy
1594599728.5436,9285.5,0.048,Buy
1594599729.5068,9285.0,0.001,Sell
1594599730.3027,9285.5,0.954,Buy
1594599732.1382,9285.5,0.004,Buy
1594599742.3163,9285.5,0.017,Buy
1594599753.1469,9285.5,0.964,Buy
1594599753.3308,9285.5,0.023,Buy
1594599755.3559,9285.5,0.002,Buy
1594599764.3433,9285.5,0.005,Buy
1594599781.7452,9285.0,0.001,Sell
1594599781.7545,9285.5,0.001,Buy
1594599789.7837,9285.0,0.001,Sell
1594599790.78,9285.5,0.001,Buy
1594599795.198,9285.5,0.1,Buy
1594599827.9509,9285.5,3.387,Buy
1594599827.9509,9285.5,0.009,Buy
1594599827.9509,9285.5,0.005,Buy
1594599827.9509,9285.5,0.001,Buy
1594599827.9509,9285.5,0.001,Buy
1594599827.9509,9285.5,0.35,Buy
1594599827.9509,9285.5,0.15,Buy
1594599827.9509,9285.5,0.5,Buy
1594599830.4131,9285.5,0.322,Sell
1594599832.4169,9285.5,0.027,Sell
1594599835.1791,9285.5,0.002,Sell
1594599841.9135,9285.5,0.001,Sell
1594599845.4276,9285.5,0.021,Sell
1594599847.942,9286.0,0.001,Buy
1594599854.1878,9285.5,0.015,Sell
1594599856.1859,9285.5,0.008,Sell
1594599858.4399,9285.5,0.001,Sell
1594599859.9504,9285.5,2.0,Sell
1594599862.6859,9286.0,0.496,Buy
1594599862.6859,9286.0,0.1,Buy
1594599862.6859,9286.0,0.001,Buy
1594599866.9403,9286.5,0.001,Sell
1594599871.4523,9286.5,0.209,Sell
1594599875.1962,9286.5,0.114,Sell
1594599875.2844,9287.0,0.001,Buy
1594599875.2844,9287.0,0.001,Buy
1594599875.2844,9287.0,0.001,Buy
1594599875.2844,9287.0,0.003,Buy
1594599875.2844,9287.0,0.001,Buy
1594599875.2844,9287.0,0.019,Buy
1594599902.0672,9288.0,0.001,Buy
1594599910.0961,9287.5,0.001,Sell
1594599939.1008,9287.5,0.273,Sell
1594599939.1008,9287.5,0.727,Sell
1594599945.2842,9288.0,0.001,Buy
1594599945.2842,9288.0,0.099,Buy
1594599963.8322,9288.0,0.25,Buy
1594599996.8854,9287.5,0.001,Sell
1594599996.8854,9287.5,0.999,Sell
1594600056.386,9287.5,0.001,Sell
1594600056.5114,9287.0,0.001,Sell
1594600056.7025,9286.5,0.2,Sell
1594600056.7025,9286.5,0.001,Sell
1594600056.9876,9286.0,0.005,Sell
1594600056.9876,9286.0,0.001,Sell
1594600057.0223,9285.5,0.001,Sell
1594600081.2151,9285.0,0.001,Sell
1594600086.2445,9285.5,0.001,Buy
1594600094.6747,9285.5,0.014,Sell
1594600096.1858,9285.5,0.024,Sell
1594600107.3002,9285.5,0.006,Sell
1594600107.6883,9285.5,0.138,Sell
1594600116.9754,9285.5,1.153,Sell
1594600124.3599,9285.5,0.107,Sell
1594600144.6742,9285.5,0.001,Sell
1594600144.8423,9285.0,2.0,Sell
1594600144.8423,9285.0,0.001,Sell
1594600144.8423,9285.0,0.02,Sell
1594600144.8423,9285.0,0.58,Sell
1594600144.8423,9285.0,0.4,Sell
1594600145.6663,9285.0,0.001,Sell
1594600145.6663,9285.0,0.015,Sell
1594600149.3571,9284.5,0.001,Sell
1594600149.3571,9284.5,0.009,Sell
1594600149.3571,9284.5,0.001,Sell
1594600151.198,9284.0,0.001,Sell
1594600151.198,9284.0,0.001,Sell
1594600151.198,9284.0,0.001,Sell
1594600151.198,9284.0,0.005,Sell
1594600151.198,9284.0,0.005,Sell
1594600151.198,9284.0,0.001,Sell
1594600151.198,9284.0,0.083,Sell
1594600151.3208,9284.0,0.058,Buy
1594600151.6506,9283.5,0.001,Sell
1594600151.6506,9283.5,0.001,Sell
1594600151.6506,9283.5,0.032,Sell
1594600151.6506,9283.0,0.001,Sell
1594600151.6506,9283.0,0.001,Sell
1594600151.6506,9283.0,0.002,Sell
1594600151.6506,9283.0,0.09,Sell
1594600163.8045,9283.0,2.91,Sell
1594600163.8045,9283.0,0.005,Sell
1594600163.8325,9281.0,0.005,Sell
1594600163.8325,9281.0,0.128,Sell
1594600163.8325,9281.0,0.001,Sell
1594600163.8325,9281.0,0.006,Sell
1594600163.8325,9281.0,0.001,Sell
1594600163.8325,9281.5,0.001,Sell
1594600163.8325,9282.0,0.005,Sell
1594600163.8325,9281.0,0.002,Sell
1594600163.8325,9282.0,0.001,Sell
1594600163.8325,9282.5,0.001,Sell
1594600163.8325,9282.0,0.002,Sell
1594600163.8794,9281.0,0.033,Sell
1594600164.2208,9281.0,0.108,Sell
1594600164.2208,9281.0,0.001,Sell
1594600164.2208,9281.0,0.001,Sell
1594600199.9243,9281.0,0.01,Buy
1594600201.4659,9281.0,0.001,Buy
1594600202.5276,9281.0,0.001,Buy
1594600202.8161,9280.5,0.001,Sell
1594600202.8161,9280.5,0.745,Sell
1594600202.8187,9280.5,0.746,Sell
1594600203.0217,9281.0,0.001,Buy
1594600203.9627,9280.5,0.039,Sell
1594600206.7369,9280.5,0.039,Sell
1594600210.0587,9280.5,0.001,Sell
1594600210.5614,9280.5,0.001,Sell
1594600211.5026,9280.5,0.001,Sell
1594600230.33,9280.5,0.5,Sell
1594600251.2161,9280.5,0.133,Sell
1594600256.9974,9280.5,1.846,Sell
1594600261.2697,9281.0,0.001,Buy
1594600269.2989,9280.5,0.001,Sell
1594600281.7414,9281.0,0.399,Buy
1594600281.7414,9281.0,0.001,Buy
1594600309.0823,9281.5,0.034,Sell
1594600417.1399,9281.5,0.099,Sell
1594600417.1399,9281.5,0.001,Sell
1594600441.3,9281.5,0.001,Sell
1594600441.6553,9282.0,0.001,Buy
1594600442.3703,9281.5,0.001,Sell
1594600442.3724,9282.0,0.05,Buy
1594600442.3724,9282.0,0.001,Buy
1594600442.3724,9282.0,0.949,Buy
1594600445.0728,9281.5,0.03,Sell
1594600447.3365,9282.0,0.001,Buy
1594600449.6885,9281.5,0.001,Sell
1594600451.4256,9282.0,0.001,Buy
1594600481.8576,9282.0,2.0,Buy
1594600535.0282,9282.0,0.243,Buy
1594600535.0282,9282.0,0.007,Buy
1594600562.0346,9281.5,0.001,Sell
1594600567.0648,9282.0,0.001,Buy
1594600660.1228,9282.0,0.205,Buy
1594600660.1228,9282.0,0.095,Buy
1594600660.1228,9282.0,0.05,Buy
1594600660.1228,9282.0,0.1,Buy
1594600681.4591,9282.0,0.001,Buy
1594600689.4878,9281.5,0.001,Sell
1594600705.2118,9281.5,0.75,Sell
1594600713.4838,9281.5,0.216,Sell
1594600713.4838,9281.5,0.001,Sell
1594600713.4838,9281.5,0.783,Sell
1594600717.3036,9282.0,0.016,Buy
1594600720.7159,9282.0,0.224,Buy
1594600730.3155,9282.0,0.534,Buy
1594600734.5735,9282.0,0.015,Buy
1594600735.2824,9281.5,8.0,Sell
1594600735.4794,9281.5,0.001,Sell
1594600735.4794,9281.5,0.002,Sell
1594600735.4794,9281.5,0.2,Sell
1594600735.4794,9281.5,0.001,Sell
1594600735.4794,9281.5,0.108,Sell
1594600735.4794,9281.5,0.108,Sell
1594600735.4794,9281.5,0.001,Sell
1594600735.4794,9281.5,1.217,Sell
1594600735.4794,9281.5,0.001,Sell
1594600735.6707,9281.0,0.001,Sell
1594600735.6707,9280.0,0.001,Sell
1594600735.6707,9280.0,0.001,Sell
1594600735.6707,9280.0,0.18,Sell
1594600735.6707,9280.5,0.001,Sell
1594600738.5848,9280.0,0.1,Sell
1594600738.6842,9280.0,0.1,Sell
1594600738.7841,9280.0,0.1,Sell
1594600738.8841,9280.0,0.1,Sell
1594600738.9843,9280.0,0.1,Sell
1594600739.0842,9280.0,0.1,Sell
1594600739.1841,9280.0,0.1,Sell
1594600739.2842,9280.0,0.1,Sell
1594600739.3841,9280.0,0.02,Sell
1594600739.3841,9280.0,0.08,Sell
1594600739.4841,9280.0,0.089,Sell
1594600739.4841,9280.0,0.011,Sell
1594600739.5843,9280.0,0.1,Sell
1594600739.6858,9280.0,0.1,Sell
1594600739.7841,9280.0,0.1,Sell
1594600739.8843,9280.0,0.1,Sell
1594600739.9844,9280.0,0.1,Sell
1594600739.994,9279.0,0.001,Sell
1594600739.994,9279.0,0.02,Sell
1594600739.994,9278.5,0.001,Sell
1594600739.994,9278.5,0.504,Sell
1594600739.994,9279.5,0.005,Sell
1594600739.994,9279.5,0.001,Sell
1594600739.994,9280.0,0.001,Sell
1594600739.994,9280.0,0.001,Sell
1594600739.994,9280.0,0.001,Sell
1594600739.994,9280.0,0.05,Sell
1594600739.994,9280.0,0.001,Sell
1594600739.994,9280.0,0.001,Sell
1594600739.994,9280.0,0.002,Sell
1594600739.994,9280.0,0.411,Sell
1594600741.22,9278.5,0.001,Buy
1594600741.9132,9278.5,0.001,Buy
1594600749.2487,9278.0,0.001,Sell
1594600751.95,9278.0,0.001,Sell
1594600801.5355,9278.5,0.001,Buy
1594600808.5653,9278.0,0.001,Sell
1594600808.649,9278.0,0.029,Sell
1594600808.649,9278.0,0.001,Sell
1594600823.9667,9278.0,0.465,Sell
1594600857.0624,9278.5,0.212,Buy
1594600949.9687,9278.5,0.5,Buy
1594600961.3855,9278.0,0.031,Sell
1594600981.6384,9278.5,0.001,Buy
1594600989.667,9278.0,0.001,Sell
1594600997.3261,9278.0,0.25,Sell
1594601041.3931,9278.0,0.001,Sell
1594601041.4701,9278.0,0.001,Sell
1594601046.4206,9278.5,0.001,Buy
1594601047.4991,9278.5,0.001,Buy
1594601079.0565,9278.5,0.68,Buy
1594601081.5121,9278.5,0.002,Buy
1594601101.3239,9278.0,0.001,Sell
1594601106.7874,9278.5,0.05,Buy
1594601110.3539,9279.0,0.001,Buy
1594601128.3827,9279.0,1.0,Buy
1594601128.3827,9279.0,0.001,Buy
1594601132.7466,9279.5,0.003,Sell
1594601134.7323,9279.5,0.725,Sell
1594601145.7443,9279.5,0.521,Sell
1594601146.1859,9279.5,0.004,Sell
1594601153.7554,9279.5,0.018,Sell
1594601156.7563,9279.5,0.023,Sell
1594601162.0289,9280.0,0.001,Buy
1594601167.7689,9279.5,0.332,Sell
1594601170.059,9279.5,0.001,Sell
1594601172.7642,9279.5,0.021,Sell
1594601176.186,9279.5,0.88,Sell
1594601179.7809,9279.5,0.009,Sell
1594601179.8449,9280.0,0.001,Buy
1594601179.8449,9280.0,0.1,Buy
1594601179.8449,9280.0,0.718,Buy
1594601191.7736,9279.5,0.006,Sell
1594601192.793,9279.5,0.027,Sell
1594601207.8063,9279.5,0.417,Sell
1594601212.7822,9279.5,0.091,Sell
1594601219.8181,9279.5,0.02,Sell
1594601221.4028,9280.0,0.001,Buy
1594601229.4339,9279.5,0.001,Sell
1594601231.7909,9279.5,0.029,Sell
1594601231.83,9279.5,0.357,Sell
1594601246.8436,9280.0,0.01,Sell
1594601252.7994,9280.0,0.021,Sell
1594601259.8557,9280.0,0.014,Sell
1594601271.8082,9280.0,0.02,Sell
1594601272.8675,9280.0,0.465,Sell
1594601281.434,9280.5,0.001,Buy
1594601284.8795,9280.0,0.01,Sell
1594601285.8833,9280.0,0.007,Sell
1594601291.4649,9280.0,0.001,Sell
1594601292.8166,9280.0,0.008,Sell
1594601295.8872,9280.0,0.015,Sell
1594601297.9018,9280.0,0.001,Sell
1594601302.1658,9280.0,0.2,Sell
1594601311.9153,9280.0,0.006,Sell
1594601313.8253,9280.0,0.018,Sell
1594601324.9274,9280.0,0.028,Sell
1594601334.8343,9280.0,0.008,Sell
1594601337.9412,9280.0,0.071,Sell
1594601341.1843,9280.5,0.1,Buy
1594601341.2456,9280.5,0.396,Buy
1594601341.3661,9281.0,0.001,Buy
1594601341.3661,9281.0,0.001,Buy
1594601341.4842,9282.0,0.1,Buy
1594601341.5842,9282.0,0.041,Buy
1594601341.5842,9282.0,0.001,Buy
1594601341.5842,9282.0,0.056,Buy
1594601341.5842,9282.0,0.001,Buy
1594601341.5842,9282.0,0.001,Buy
1594601342.1811,9282.0,0.001,Buy
1594601342.1811,9282.0,0.059,Buy
1594601342.1811,9282.0,0.015,Buy
1594601342.1811,9282.0,0.001,Buy
1594601342.1811,9282.0,0.009,Buy
1594601342.1811,9282.0,0.001,Buy
1594601342.1811,9282.0,0.001,Buy
1594601345.6053,9282.5,0.005,Buy
1594601345.6053,9282.5,0.001,Buy
1594601345.6053,9282.5,0.5,Buy
1594601359.1825,9283.0,0.001,Buy
1594601359.1825,9283.0,0.001,Buy
1594601359.1825,9283.0,0.001,Buy
1594601359.1825,9283.0,0.1,Buy
1594601359.1825,9283.0,1.0,Buy
1594601361.9651,9283.5,0.009,Sell
1594601366.5016,9284.0,0.1,Buy
1594601366.5016,9284.0,0.001,Buy
1594601366.5016,9284.0,0.001,Buy
1594601366.5016,9284.0,0.001,Buy
1594601366.5016,9284.0,0.001,Buy
1594601366.5016,9284.0,0.001,Buy
1594601366.5016,9284.0,0.02,Buy
1594601366.5016,9284.0,0.005,Buy
1594601369.1808,9285.0,0.001,Buy
1594601369.1808,9285.0,0.001,Buy
1594601369.1808,9285.0,0.006,Buy
1594601373.6818,9284.5,1.014,Sell
1594601373.6818,9284.5,0.001,Sell
1594601376.7842,9284.0,0.001,Sell
1594601376.7842,9284.0,0.054,Sell
1594601376.7842,9284.0,0.001,Sell
1594601376.7842,9284.0,0.005,Sell
1594601377.8553,9284.0,0.402,Buy
1594601383.1513,9283.5,0.001,Sell
1594601383.1513,9283.5,0.001,Sell
1594601401.2511,9283.5,0.001,Buy
1594601402.3494,9283.0,0.001,Sell
1594601408.2897,9283.0,0.001,Sell
1594601414.3786,9283.0,0.001,Buy
1594601457.0604,9283.0,0.946,Buy
1594601484.4455,9283.0,0.948,Buy
1594601521.3614,9282.5,0.001,Sell
1594601521.8498,9283.0,0.001,Buy
1594601526.2433,9282.5,0.999,Sell
1594601526.2433,9282.5,0.001,Sell
1594601526.3943,9283.0,0.001,Buy
1594601529.8855,9282.5,0.001,Sell
1594601530.1149,9282.0,0.001,Sell
1594601530.1149,9282.5,0.001,Sell
1594601530.1149,9282.0,0.041,Sell
1594601530.1149,9282.5,0.152,Sell
1594601530.1149,9282.5,0.005,Sell
1594601539.3221,9282.0,0.156,Sell
1594601539.3221,9282.0,0.059,Sell
1594601539.3221,9281.5,0.784,Sell
1594601539.3221,9281.5,0.001,Sell
1594601546.8142,9281.5,1.0,Sell
1594601548.5842,9281.5,0.001,Sell
1594601548.5842,9281.5,0.001,Sell
1594601548.5842,9281.5,0.001,Sell
1594601548.6842,9281.0,0.001,Sell
1594601550.5842,9280.5,0.001,Sell
1594601550.5842,9280.5,0.015,Sell
1594601550.5842,9280.5,0.001,Sell
1594601550.5842,9280.5,0.009,Sell
1594601550.5842,9280.5,0.001,Sell
1594601550.5842,9280.5,0.015,Sell
1594601550.5842,9280.5,0.001,Sell
1594601550.5842,9280.5,0.001,Sell
1594601550.5842,9280.5,0.005,Sell
1594601553.5841,9280.0,0.001,Sell
1594601553.5841,9280.0,0.001,Sell
1594601555.166,9280.0,0.181,Buy
1594601558.9334,9280.0,0.309,Buy
1594601579.7137,9280.0,0.03,Buy
1594601584.0711,9279.5,0.001,Sell
1594601584.0711,9279.5,0.999,Sell
1594601595.6035,9279.5,1.0,Sell
1594601622.2704,9280.0,0.05,Buy
1594601641.2709,9279.5,0.001,Sell
1594601642.0921,9280.0,0.001,Buy
1594601647.3003,9280.0,0.001,Buy
1594601650.1222,9279.5,0.001,Sell
1594601662.4936,9280.0,0.062,Buy
1594601663.379,9280.0,0.288,Buy
1594601701.3281,9280.0,0.001,Buy
1594601709.3596,9279.5,0.001,Sell
1594601761.2651,9279.5,0.001,Sell
1594601770.2963,9280.0,0.001,Buy
1594601778.0842,9279.5,0.001,Sell
1594601778.0842,9279.5,0.05,Sell
1594601778.0842,9279.5,0.049,Sell
1594601778.1842,9279.5,0.1,Sell
1594601778.2843,9279.5,0.002,Sell
1594601778.2843,9279.5,0.051,Sell
1594601778.3873,9279.5,0.854,Buy
1594601779.0978,9279.0,0.108,Sell
1594601779.0978,9279.0,0.05,Sell
1594601779.0978,9279.0,0.001,Sell
1594601779.0978,9279.0,0.2,Sell
1594601779.1822,9278.5,0.001,Sell
1594601779.1822,9278.5,0.001,Sell
1594601779.2351,9278.0,0.001,Sell
1594601779.2351,9278.0,3.102,Sell
1594601779.2351,9278.0,0.001,Sell
1594601779.2825,9277.5,0.001,Sell
1594601779.2825,9277.5,0.001,Sell
1594601779.2825,9277.5,0.005,Sell
1594601779.3674,9277.0,0.001,Sell
1594601779.3674,9277.0,0.001,Sell
1594601779.3674,9277.0,0.001,Sell
1594601779.3674,9277.0,0.001,Sell
1594601779.3911,9277.0,0.024,Buy
1594601779.5271,9276.5,0.001,Sell
1594601779.5271,9276.5,0.001,Sell
1594601779.6338,9276.0,0.01,Sell
1594601779.6338,9276.0,0.001,Sell
1594601779.8941,9275.5,0.242,Sell
1594601779.8941,9275.5,0.001,Sell
1594601779.8941,9275.5,0.032,Sell
1594601779.8941,9275.5,0.005,Sell
1594601780.1134,9275.0,0.034,Sell
1594601780.1134,9275.0,0.002,Sell
1594601780.1134,9275.0,0.05,Sell
1594601780.1134,9275.0,0.001,Sell
1594601780.1134,9275.0,0.001,Sell
1594601780.1134,9275.0,0.078,Sell
1594601780.1806,9274.5,0.001,Sell
1594601780.2016,9274.0,0.463,Sell
1594601780.2016,9274.0,0.001,Sell
1594601780.2016,9274.0,0.002,Sell
1594601780.4064,9273.5,0.005,Sell
1594601780.4064,9273.5,0.006,Sell
1594601780.4064,9273.5,0.001,Sell
1594601781.2697,9272.0,0.2,Sell
1594601781.2697,9272.0,0.2,Sell
1594601781.2697,9272.0,0.001,Sell
1594601781.2697,9271.5,0.048,Sell
1594601781.2697,9271.5,0.001,Sell
1594601781.2697,9271.5,0.005,Sell
1594601781.2697,9273.0,0.108,Sell
1594601781.2697,9272.0,0.001,Sell
1594601781.2697,9271.0,0.001,Sell
1594601781.2697,9271.0,0.003,Sell
1594601781.2697,9270.5,0.001,Sell
1594601781.2697,9270.5,0.327,Sell
1594601781.2697,9271.0,0.001,Sell
1594601781.2697,9272.0,0.002,Sell
1594601781.2697,9273.0,0.001,Sell
1594601781.2697,9272.0,0.001,Sell
1594601781.2697,9272.5,0.001,Sell
1594601781.2697,9273.0,0.092,Sell
1594601781.2697,9273.0,0.002,Sell
1594601781.2697,9273.0,0.002,Sell
1594601781.2697,9273.0,0.001,Sell
1594601781.2697,9272.0,0.001,Sell
1594601781.6845,9270.0,0.1,Sell
1594601781.6845,9270.0,0.001,Sell
1594601781.6845,9270.0,0.003,Sell
1594601781.6845,9270.0,0.001,Sell
1594601781.6845,9270.0,0.001,Sell
1594601781.6845,9270.0,0.001,Sell
1594601781.6845,9270.0,0.055,Sell
1594601781.6845,9270.0,0.005,Sell
1594601781.6845,9270.0,0.015,Sell
1594601781.6845,9270.0,0.001,Sell
1594601781.6845,9270.0,0.001,Sell
1594601781.6845,9270.0,0.001,Sell
1594601781.6845,9270.0,0.001,Sell
1594601781.6845,9270.0,0.1,Sell
1594601781.6904,9267.5,0.005,Sell
1594601781.6904,9267.5,0.745,Sell
1594601781.6904,9267.5,0.064,Sell
1594601781.6904,9268.0,0.001,Sell
1594601781.6904,9268.0,0.002,Sell
1594601781.6904,9268.0,0.022,Sell
1594601781.6904,9268.5,0.001,Sell
1594601781.6904,9269.0,0.02,Sell
1594601781.6904,9269.0,0.05,Sell
1594601781.6904,9269.0,0.08,Sell
1594601781.6904,9269.0,0.001,Sell
1594601781.6904,9269.0,0.001,Sell
1594601781.6904,9269.5,0.005,Sell
1594601781.6904,9269.5,0.001,Sell
1594601781.6904,9269.5,0.001,Sell
1594601781.6904,9267.5,0.001,Sell
1594601781.6907,9267.5,2.0,Sell
1594601781.6981,9267.5,1.35,Sell
1594601781.6982,9267.5,0.1,Sell
1594601815.0842,9267.0,0.001,Sell
1594601815.0842,9267.0,0.099,Sell
1594601815.1842,9267.0,0.006,Sell
1594601815.1842,9267.0,0.001,Sell
1594601815.1842,9267.0,0.015,Sell
1594601815.1842,9267.0,0.005,Sell
1594601815.1842,9267.0,0.004,Sell
1594601815.1842,9267.0,0.001,Sell
1594601815.1842,9267.0,0.002,Sell
1594601815.1842,9267.0,0.002,Sell
1594601815.1842,9267.0,0.009,Sell
1594601815.1842,9267.0,0.001,Sell
1594601815.1842,9267.0,0.009,Sell
1594601815.1842,9267.0,0.001,Sell
1594601820.0493,9266.5,0.001,Sell
1594601820.0493,9266.5,0.005,Sell
1594601820.0493,9266.5,0.015,Sell
1594601820.0493,9266.5,0.009,Sell
1594601820.0493,9266.5,0.007,Sell
1594601820.0493,9266.5,0.004,Sell
1594601820.0493,9266.5,0.001,Sell
1594601820.0493,9266.5,0.001,Sell
1594601820.2442,9266.5,0.043,Sell
1594601821.632,9267.0,0.036,Buy
1594601822.3831,9267.0,0.001,Buy
1594601832.4166,9266.5,0.001,Sell
1594601882.7063,9267.0,0.054,Buy
1594601882.7063,9267.0,0.108,Buy
1594601882.9621,9268.0,0.001,Buy
1594601882.9621,9268.0,0.001,Buy
1594601885.1228,9269.0,0.001,Buy
1594601885.1228,9269.0,0.001,Buy
1594601885.1228,9269.0,0.108,Buy
1594601889.8855,9269.5,0.005,Buy
1594601889.8855,9269.5,0.001,Buy
1594601892.3691,9270.0,0.001,Buy
1594601892.3691,9270.0,0.001,Buy
1594601892.3691,9270.0,0.001,Buy
1594601892.8128,9271.0,0.041,Buy
1594601892.8128,9271.0,0.001,Buy
1594601892.8128,9271.0,0.001,Buy
1594601893.5046,9270.5,0.596,Sell
1594601904.5164,9270.5,0.024,Sell
1594601912.0883,9270.5,0.001,Sell
1594601916.5282,9270.5,0.608,Sell
1594601928.54,9270.5,0.895,Sell
1594601933.0972,9270.5,0.598,Sell
1594601940.2622,9270.5,1.958,Sell
1594601940.552,9270.5,0.021,Sell
1594601966.2247,9272.0,0.001,Buy
1594601966.2247,9272.0,0.001,Buy
1594601966.2247,9272.0,0.001,Buy
1594601966.2247,9272.0,0.001,Buy
1594601966.2247,9272.0,0.001,Buy
1594601966.2247,9272.0,0.001,Buy
1594601966.2247,9272.0,0.015,Buy
1594601966.2247,9272.0,0.002,Buy
1594601966.2247,9272.0,0.001,Buy
1594601966.2247,9272.0,0.001,Buy
1594601966.2247,9272.0,0.001,Buy
1594602001.5211,9272.5,0.001,Buy
1594602008.551,9272.0,0.001,Sell
1594602012.6222,9272.5,0.026,Buy
1594602013.1347,9272.5,0.006,Buy
1594602016.1859,9272.5,0.001,Buy
1594602030.1535,9272.5,0.002,Buy
1594602030.1535,9272.5,0.005,Buy
1594602031.3551,9273.0,0.001,Buy
1594602031.3551,9273.0,0.001,Buy
1594602031.3551,9273.0,0.005,Buy
1594602031.3551,9273.0,2.281,Buy
1594602032.1408,9273.0,0.028,Sell
1594602035.3404,9273.5,0.001,Buy
1594602035.5427,9274.0,0.02,Buy
1594602035.5427,9274.0,0.001,Buy
1594602035.5427,9274.0,0.001,Buy
1594602061.5069,9274.5,0.001,Sell
1594602070.5623,9275.0,0.001,Buy
1594602084.3055,9275.0,0.001,Buy
1594602084.3055,9275.0,0.001,Buy
1594602103.7563,9276.0,0.001,Buy
1594602103.7563,9276.0,0.001,Buy
1594602103.7563,9276.0,0.206,Buy
1594602104.2237,9276.0,0.194,Buy
1594602110.2078,9276.5,4.19,Buy
1594602110.2844,9277.0,0.001,Buy
1594602110.2844,9277.0,0.001,Buy
1594602110.2844,9277.0,0.005,Buy
1594602110.2844,9277.0,0.001,Buy
1594602110.2844,9277.0,0.001,Buy
1594602110.2844,9277.0,0.001,Buy
1594602110.2844,9277.0,0.001,Buy
1594602178.0696,9278.0,0.001,Buy
1594602178.0696,9278.0,0.001,Buy
1594602178.0696,9278.0,0.001,Buy
1594602178.0696,9278.0,0.963,Buy
1594602181.4071,9278.0,0.001,Buy
1594602189.5016,9278.0,0.091,Buy
1594602191.4417,9277.5,0.001,Sell
1594602214.3281,9278.0,0.954,Buy
1594602241.8936,9277.5,0.001,Sell
1594602242.8885,9277.5,0.001,Sell
1594602246.9327,9278.0,0.001,Buy
1594602248.9193,9278.0,0.001,Buy
1594602348.9914,9279.0,0.048,Buy
1594602348.9914,9279.0,0.001,Buy
1594602348.9914,9279.0,0.001,Buy
1594602348.9914,9279.0,0.001,Buy
1594602361.6818,9280.0,0.001,Buy
1594602369.7152,9279.5,0.001,Sell
1594602397.189,9280.0,0.157,Buy
1594602397.189,9280.0,0.001,Buy
1594602397.189,9280.0,0.001,Buy
1594602397.189,9280.0,0.001,Buy
1594602421.348,9280.0,0.001,Buy
1594602422.9716,9280.0,0.001,Buy
1594602429.3769,9279.5,0.001,Sell
1594602431.0004,9279.5,0.001,Sell
1594602475.8632,9280.0,0.001,Buy
1594602478.39,9279.5,0.009,Sell
1594602478.39,9279.5,0.001,Sell
1594602478.39,9279.5,0.1,Sell
1594602478.39,9279.5,0.001,Sell
1594602478.6846,9279.0,0.003,Sell
1594602478.6846,9279.0,7.991,Sell
1594602478.6846,9279.0,0.005,Sell
1594602478.6846,9279.0,0.001,Sell
1594602479.0596,9279.0,2.009,Sell
1594602479.2007,9278.5,0.001,Sell
1594602479.9577,9278.0,0.001,Sell
1594602479.9577,9278.0,0.1,Sell
1594602479.9577,9278.0,0.001,Sell
1594602480.1509,9277.5,0.001,Sell
1594602480.1509,9277.5,0.005,Sell
1594602480.1509,9277.5,0.005,Sell
1594602480.1509,9277.5,0.002,Sell
1594602480.6652,9277.0,0.001,Sell
1594602480.9794,9276.5,0.001,Sell
1594602480.9794,9276.5,0.108,Sell
1594602481.091,9276.0,0.001,Sell
1594602481.091,9276.0,0.001,Sell
1594602481.3143,9275.5,0.001,Sell
1594602481.3143,9275.5,0.005,Sell
1594602481.3143,9275.0,0.154,Sell
1594602482.0163,9275.0,0.001,Sell
1594602482.0163,9275.0,1.844,Sell
1594602483.3842,9274.5,0.032,Sell
1594602483.3842,9274.5,0.001,Sell
1594602483.3842,9274.5,0.001,Sell
1594602483.3842,9274.5,0.065,Sell
1594602483.3842,9274.5,0.001,Sell
1594602483.4841,9274.5,0.002,Sell
1594602484.0936,9274.5,0.527,Buy
1594602485.0842,9274.0,0.001,Sell
1594602485.0842,9274.0,0.005,Sell
1594602485.0842,9274.0,0.001,Sell
1594602485.0842,9274.0,0.001,Sell
1594602485.0973,9274.0,0.864,Sell
1594602485.1842,9273.5,0.001,Sell
1594602485.1842,9273.5,0.005,Sell
1594602485.2842,9273.0,0.001,Sell
1594602485.2842,9273.0,0.099,Sell
1594602485.3844,9273.0,0.051,Sell
1594602491.8253,9273.0,2.26,Buy
1594602491.8253,9273.0,4.15,Buy
1594602491.8253,9273.0,5.59,Buy
1594602497.2441,9273.0,1.0,Buy
1594602497.4693,9273.5,0.5,Buy
1594602525.0952,9274.0,0.846,Buy
1594602525.0952,9274.0,0.352,Buy
1594602525.0952,9274.0,0.001,Buy
1594602525.0952,9274.0,0.001,Buy
1594602526.1858,9274.0,0.025,Buy
1594602530.4024,9274.0,0.721,Buy
1594602530.4024,9274.0,3.279,Buy
1594602534.8362,9274.0,1.0,Buy
1594602538.1537,9274.0,0.774,Buy
1594602538.3705,9274.0,0.019,Buy
1594602542.6858,9274.0,2.078,Buy
1594602542.6858,9274.0,0.846,Buy
1594602542.6858,9274.0,3.076,Buy
1594602543.6708,9274.5,0.001,Buy
1594602543.7395,9275.0,0.001,Buy
1594602543.7395,9275.0,0.001,Buy
1594602543.7395,9275.0,0.005,Buy
1594602544.5169,9276.0,0.001,Buy
1594602544.5169,9276.0,0.001,Buy
1594602544.5169,9276.0,0.005,Buy
1594602544.5169,9276.0,0.001,Buy
1594602544.5169,9276.0,0.001,Buy
1594602591.8723,9276.5,0.001,Buy
1594602591.8723,9276.5,0.108,Buy
1594602591.8723,9276.5,1.0,Buy
1594602595.4106,9277.0,0.001,Buy
1594602595.4106,9277.0,0.001,Buy
1594602596.3937,9277.5,0.019,Sell
1594602600.2184,9277.5,0.891,Sell
1594602602.2262,9277.5,0.963,Sell
1594602602.4775,9278.0,0.001,Buy
1594602603.23,9277.5,0.807,Sell
1594602609.5077,9277.5,0.001,Sell
1594602613.2342,9277.5,0.001,Sell
1594602615.2418,9277.5,0.015,Sell
1594602617.4023,9277.5,0.004,Sell
1594602627.6375,9278.0,0.001,Buy
1594602640.4798,9278.0,1.414,Sell
1594602640.4798,9278.0,0.337,Sell
1594602667.5806,9278.5,0.001,Buy
1594602667.5806,9278.5,0.005,Buy
1594602669.9239,9279.0,0.032,Buy
1594602669.9239,9279.0,0.001,Buy
1594602669.9239,9279.0,0.001,Buy
1594602669.9239,9279.0,0.108,Buy
1594602683.405,9280.0,0.192,Buy
1594602683.405,9280.0,0.002,Buy
1594602683.405,9280.0,0.001,Buy
1594602683.405,9280.0,0.001,Buy
1594602683.405,9280.0,0.001,Buy
1594602683.405,9280.0,0.003,Buy
1594602722.2572,9279.5,0.001,Sell
1594602722.2626,9279.5,0.001,Sell
1594602722.2943,9280.0,0.001,Buy
1594602727.2872,9280.0,0.001,Buy
1594602731.2966,9280.0,0.001,Buy
1594602732.3245,9279.5,0.001,Sell
1594602734.2701,9279.5,0.896,Sell
1594602841.3419,9279.5,0.001,Sell
1594602843.0084,9280.0,0.001,Buy
1594602847.3741,9280.0,0.001,Buy
1594602851.0409,9279.5,0.001,Sell
1594602902.7242,9280.0,0.001,Buy
1594602910.7555,9279.5,0.001,Sell
1594602961.2836,9280.0,0.001,Buy
1594602969.314,9279.5,0.001,Sell
1594603003.6673,9279.5,0.1,Sell
1594603021.5935,9279.5,0.001,Sell
1594603021.5935,9277.5,0.131,Sell
1594603021.5935,9277.5,0.005,Sell
1594603021.5935,9277.5,0.001,Sell
1594603021.5935,9278.0,0.001,Sell
1594603021.5935,9279.5,4.785,Sell
1594603021.5935,9279.5,0.261,Sell
1594603021.5935,9279.0,0.001,Sell
1594603021.5935,9278.5,0.001,Sell
1594603021.5935,9278.0,0.001,Sell
1594603048.2304,9277.5,0.063,Sell
1594603056.1627,9277.5,3.562,Sell
1594603056.1627,9277.5,1.0,Sell
1594603056.1627,9277.5,2.264,Sell
1594603056.1627,9277.5,0.174,Sell
1594603201.2664,9277.5,0.001,Sell
1594603203.1164,9278.0,0.001,Buy
1594603206.2957,9278.0,0.001,Buy
1594603209.7826,9280.0,0.001,Buy
1594603209.7826,9278.0,1.329,Buy
1594603209.7826,9278.0,0.001,Buy
1594603209.7826,9278.5,0.001,Buy
1594603209.7826,9279.0,0.001,Buy
1594603209.7826,9279.0,0.001,Buy
1594603209.7826,9280.0,1.0,Buy
1594603209.7826,9280.0,0.001,Buy
1594603209.7826,9280.0,0.005,Buy
1594603209.7826,9280.5,0.001,Buy
1594603209.7826,9280.5,0.888,Buy
1594603210.1507,9280.5,0.001,Sell
1594603253.3256,9280.5,0.2,Sell
1594603261.3337,9281.0,0.001,Buy
1594603271.365,9280.5,0.001,Sell
1594603275.9696,9281.0,0.001,Buy
1594603275.9696,9281.0,0.002,Buy
1594603275.9696,9281.0,0.001,Buy
1594603275.9696,9281.0,0.006,Buy
1594603275.9696,9281.0,0.015,Buy
1594603321.028,9281.0,0.1,Buy
1594603321.3113,9281.0,0.001,Buy
1594603329.3417,9280.5,0.001,Sell
1594603329.8226,9280.5,0.001,Sell
1594603331.1706,9280.5,0.001,Sell
1594603331.8834,9280.5,0.001,Sell
1594603332.8244,9280.5,0.001,Sell
1594603334.0578,9280.5,0.001,Sell
1594603335.8914,9280.5,0.001,Sell
1594603337.8058,9280.5,0.001,Sell
1594603338.2601,9280.5,0.001,Sell
1594603339.3602,9280.5,0.001,Sell
1594603340.5336,9280.5,0.05,Sell
1594603341.0916,9280.5,0.001,Sell
1594603342.3256,9280.5,0.001,Sell
1594603343.5672,9280.5,0.001,Sell
1594603344.8226,9280.5,0.001,Sell
1594603346.6027,9280.5,0.001,Sell
1594603347.8004,9280.5,0.001,Sell
1594603348.8885,9280.5,0.001,Sell
1594603349.9555,9280.5,0.001,Sell
1594603350.8091,9280.5,0.001,Sell
1594603351.8309,9280.5,0.001,Sell
1594603352.7956,9280.5,0.001,Sell
1594603354.0518,9280.5,0.001,Sell
1594603354.5232,9280.5,0.001,Sell
1594603355.5539,9280.5,0.001,Sell
1594603356.7897,9280.5,0.001,Sell
1594603358.0337,9280.5,0.001,Sell
1594603358.5394,9280.5,0.001,Sell
1594603359.8398,9280.5,0.001,Sell
1594603360.8646,9280.5,0.001,Sell
1594603362.8046,9280.5,0.001,Sell
1594603364.0552,9280.5,0.001,Sell
1594603364.536,9280.5,0.001,Sell
1594603365.7894,9280.5,0.001,Sell
1594603366.3415,9281.0,0.01,Buy
1594603366.536,9280.5,0.001,Sell
1594603367.7899,9280.5,0.001,Sell
1594603369.5325,9280.5,0.001,Sell
1594603370.0334,9280.5,0.01,Sell
1594603370.1349,9280.5,0.001,Sell
1594603371.0711,9280.5,0.001,Sell
1594603372.0729,9280.5,0.001,Sell
1594603373.3205,9280.5,0.001,Sell
1594603374.5492,9280.5,0.001,Sell
1594603375.161,9280.5,0.001,Sell
1594603376.0218,9280.5,0.001,Sell
1594603377.0211,9280.5,0.001,Sell
1594603378.2535,9280.5,0.001,Sell
1594603381.3135,9280.5,0.001,Sell
1594603382.6663,9281.0,0.001,Buy
1594603383.8912,9281.0,1.099,Buy
1594603383.8912,9281.0,0.03,Buy
1594603384.7542,9281.0,0.667,Buy
1594603385.0392,9281.0,0.016,Buy
1594603390.3462,9281.0,0.001,Buy
1594603390.705,9280.5,0.001,Sell
1594603392.2407,9281.0,0.749,Buy
1594603396.1858,9281.0,0.441,Buy
1594603398.0471,9281.0,0.557,Buy
1594603402.0547,9281.0,0.389,Buy
1594603404.763,9281.0,0.022,Buy
1594603413.0607,9281.0,0.488,Buy
1594603413.6722,9280.5,0.01,Sell
1594603415.0683,9281.0,0.184,Buy
1594603420.1661,9280.5,0.01,Sell
1594603424.7716,9281.0,0.029,Buy
1594603425.0743,9281.0,0.311,Buy
1594603425.7849,9281.0,0.01,Buy
1594603427.0818,9281.0,0.01,Buy
1594603437.0878,9281.0,0.636,Buy
1594603441.0951,9281.0,0.329,Buy
1594603442.1001,9280.5,0.001,Sell
1594603444.7805,9281.0,0.016,Buy
1594603448.1316,9281.0,0.001,Buy
1594603450.0156,9280.5,0.008,Sell
1594603452.1015,9281.0,0.015,Buy
1594603455.1609,9281.0,0.01,Buy
1594603456.1091,9281.0,0.02,Buy
1594603465.789,9281.0,0.534,Buy
1594603467.1152,9281.0,0.018,Buy
1594603478.1272,9281.0,0.012,Buy
1594603502.2456,9281.0,0.001,Buy
1594603510.2815,9280.5,0.001,Sell
1594603545.3795,9281.0,0.865,Buy
1594603639.9819,9280.0,0.001,Sell
1594603639.9819,9280.5,0.06,Sell
1594603639.9819,9280.5,0.05,Sell
1594603639.9819,9280.5,0.001,Sell
1594603639.9819,9280.5,0.1,Sell
1594603639.9819,9280.0,0.001,Sell
1594603639.9819,9280.0,0.087,Sell
1594603681.5222,9280.0,0.001,Sell
1594603686.5539,9280.5,0.001,Buy
1594603802.9842,9280.5,0.001,Buy
1594603802.9855,9280.5,0.001,Buy
1594603803.0973,9280.5,0.001,Buy
1594603810.0214,9280.0,0.001,Sell
1594603811.0266,9280.0,0.001,Sell
1594603812.2268,9281.0,0.001,Buy
1594603812.2268,9282.0,0.002,Buy
1594603812.2268,9282.0,0.001,Buy
1594603812.2268,9282.0,0.001,Buy
1594603812.2268,9281.0,0.001,Buy
1594603812.2268,9280.5,0.009,Buy
1594603812.2268,9282.0,0.094,Buy
1594603812.2268,9280.5,0.001,Buy
1594603812.2268,9282.0,0.141,Buy
1594603812.2268,9282.0,0.25,Buy
1594603812.2268,9280.5,0.001,Buy
1594603813.1351,9281.5,0.001,Sell
1594603861.4092,9282.0,0.001,Buy
1594603869.44,9281.5,0.001,Sell
1594604006.2001,9282.0,0.108,Buy
1594604006.2001,9282.0,0.015,Buy
1594604006.2001,9282.0,0.001,Buy
1594604006.3967,9283.0,0.001,Buy
1594604006.3967,9283.0,0.002,Buy
1594604006.3967,9283.0,0.05,Buy
1594604006.3967,9283.0,1.0,Buy
1594604006.3967,9283.0,0.001,Buy
1594604006.3967,9283.0,0.001,Buy
1594604006.3967,9283.0,0.001,Buy
1594604008.1842,9284.0,0.001,Buy
1594604008.1842,9284.0,0.001,Buy
1594604008.1842,9284.0,0.005,Buy
1594604008.1842,9284.0,0.05,Buy
1594604008.1842,9284.0,0.001,Buy
1594604008.1842,9284.0,0.001,Buy
1594604008.1842,9284.0,0.001,Buy
1594604008.1842,9284.0,0.001,Buy
1594604008.1842,9284.0,0.001,Buy
1594604008.2843,9285.0,0.1,Buy
1594604008.3844,9285.0,0.1,Buy
1594604008.4841,9285.0,0.1,Buy
1594604008.5843,9285.0,0.1,Buy
1594604008.6842,9285.0,0.1,Buy
1594604015.6787,9284.5,0.024,Sell
1594604022.0307,9284.5,0.004,Sell
1594604026.1858,9284.5,0.001,Sell
1594604026.6912,9284.5,0.018,Sell
1594604027.695,9284.5,0.373,Sell
1594604028.8013,9284.5,0.02,Sell
1594604038.7662,9285.5,0.5,Buy
1594604038.7662,9286.0,0.001,Buy
1594604038.7662,9286.0,0.001,Buy
1594604038.7662,9286.0,0.001,Buy
1594604038.7662,9286.0,0.001,Buy
1594604038.7662,9285.0,0.003,Buy
1594604038.7662,9285.0,0.3,Buy
1594604038.7662,9285.0,0.05,Buy
1594604038.7662,9285.0,0.092,Buy
1594604038.7662,9286.0,0.242,Buy
1594604038.7662,9285.0,0.001,Buy
1594604038.7662,9285.0,2.5,Buy
1594604038.7662,9286.0,0.003,Buy
1594604038.7662,9286.0,0.05,Buy
1594604038.7662,9286.5,8.0,Buy
1594604038.7662,9286.5,1.705,Buy
1594604038.7662,9285.0,3.0,Buy
1594604038.7662,9286.0,0.001,Buy
1594604042.3114,9286.5,0.001,Buy
1594604042.439,9286.5,0.108,Buy
1594604042.439,9286.5,0.012,Buy
1594604042.439,9286.5,0.054,Buy
1594604042.439,9286.5,0.002,Buy
1594604042.439,9286.5,0.001,Buy
1594604042.439,9286.5,0.005,Buy
1594604042.439,9286.5,0.001,Buy
1594604042.439,9286.5,0.001,Buy
1594604042.439,9286.5,0.108,Buy
1594604042.439,9286.5,0.186,Buy
1594604042.439,9286.5,2.597,Buy
1594604042.504,9286.5,0.001,Sell
1594604042.6217,9286.5,0.001,Sell
1594604043.0522,9286.5,0.028,Sell
1594604048.6517,9287.0,0.001,Buy
1594604050.3473,9286.5,0.001,Sell
1594604051.5345,9287.0,0.001,Buy
1594604133.7538,9286.5,0.018,Sell
1594604151.0447,9287.0,0.17,Buy
1594604151.0447,9287.0,0.005,Buy
1594604151.0447,9287.0,0.05,Buy
1594604151.0447,9287.0,0.022,Buy
1594604151.0447,9287.0,0.003,Buy
1594604161.3146,9286.5,0.001,Sell
1594604166.3448,9287.0,0.001,Buy
1594604282.1486,9287.0,0.001,Buy
1594604290.1791,9286.5,0.001,Sell
1594604302.7441,9287.0,0.06,Buy
1594604302.7441,9287.0,0.2,Buy
1594604302.7441,9287.0,0.008,Buy
1594604302.7441,9287.0,0.002,Buy
1594604302.7441,9287.0,2.228,Buy
1594604302.7441,9287.0,2.264,Buy
1594604332.1653,9288.0,0.001,Buy
1594604332.1653,9288.0,0.034,Buy
1594604332.1653,9288.0,0.05,Buy
1594604332.1653,9288.0,0.001,Buy
1594604332.1653,9288.5,1.227,Buy
1594604332.1653,9287.5,1.0,Buy
1594604332.1653,9287.5,0.005,Buy
1594604332.1653,9287.5,0.005,Buy
1594604332.1653,9288.0,0.001,Buy
1594604332.1722,9288.5,0.1,Buy
1594604336.1745,9288.5,0.029,Sell
1594604338.4129,9288.5,1.2,Sell
1594604339.0095,9288.5,0.114,Sell
1594604341.489,9289.0,0.001,Buy
1594604341.5512,9289.0,0.001,Buy
1594604342.6887,9289.0,0.006,Buy
1594604342.6887,9289.0,0.005,Buy
1594604342.6887,9289.0,0.004,Buy
1594604342.6887,9289.0,0.1,Buy
1594604342.6887,9289.0,0.002,Buy
1594604342.6887,9289.0,0.05,Buy
1594604349.5233,9289.5,0.001,Sell
1594604351.5835,9289.5,0.001,Sell
1594604396.3788,9290.0,0.001,Buy
1594604396.3788,9290.0,0.3,Buy
1594604396.3788,9290.0,0.05,Buy
1594604396.3788,9290.0,0.002,Buy
1594604396.3788,9290.0,0.002,Buy
1594604396.3788,9290.0,0.001,Buy
1594604396.3788,9290.0,0.01,Buy
1594604396.3788,9290.0,0.2,Buy
1594604396.3788,9290.0,0.001,Buy
1594604396.3788,9290.0,2.331,Buy
1594604396.3788,9290.0,1.0,Buy
1594604396.3788,9290.0,0.001,Buy
1594604396.3853,9290.0,0.16,Buy
1594604396.7403,9290.5,3.399,Buy
1594604396.7403,9290.5,0.5,Buy
1594604401.6038,9290.5,0.001,Buy
1594604408.6331,9290.0,0.001,Sell
1594604411.0682,9290.5,0.009,Buy
1594604411.1033,9291.0,0.05,Buy
1594604411.1033,9291.0,0.001,Buy
1594604411.1033,9291.0,0.001,Buy
1594604411.1033,9291.0,0.001,Buy
1594604411.1033,9291.0,0.001,Buy
1594604411.1099,9294.0,0.001,Buy
1594604411.1099,9295.0,1.045,Buy
1594604411.1099,9295.0,0.001,Buy
1594604411.1099,9295.0,0.001,Buy
1594604411.1099,9294.5,0.481,Buy
1594604411.1099,9294.0,0.005,Buy
1594604411.1099,9294.0,0.032,Buy
1594604411.1099,9294.0,0.05,Buy
1594604411.1099,9294.0,0.1,Buy
1594604411.1099,9294.0,0.001,Buy
1594604411.1099,9293.0,0.001,Buy
1594604411.1099,9293.0,0.001,Buy
1594604411.1099,9293.0,0.05,Buy
1594604411.1099,9293.0,0.001,Buy
1594604411.1099,9294.0,0.001,Buy
1594604411.1099,9292.0,0.005,Buy
1594604411.1099,9292.0,0.022,Buy
1594604411.1099,9292.0,0.05,Buy
1594604411.1099,9292.0,0.002,Buy
1594604411.1099,9292.0,0.001,Buy
1594604411.1099,9292.0,0.001,Buy
1594604411.1099,9292.0,0.1,Buy
1594604411.1099,9291.5,0.005,Buy
1594604411.1099,9293.0,0.001,Buy
1594604411.1155,9295.0,0.03,Buy
1594604411.6462,9295.0,0.001,Buy
1594604411.6462,9295.0,0.015,Buy
1594604411.6462,9295.0,0.001,Buy
1594604411.6462,9295.0,0.08,Buy
1594604411.6462,9295.0,0.3,Buy
1594604411.6462,9295.0,0.1,Buy
1594604411.6462,9295.0,0.002,Buy
1594604411.6462,9295.0,0.425,Buy
1594604411.6462,9295.0,0.001,Buy
1594604411.6462,9295.0,0.05,Buy
1594604411.7921,9295.5,0.032,Buy
1594604411.8846,9296.0,0.05,Buy
1594604411.8846,9296.0,0.001,Buy
1594604411.8846,9296.0,0.001,Buy
1594604411.8846,9296.0,0.001,Buy
1594604411.8846,9296.0,0.005,Buy
1594604412.0813,9297.0,0.242,Buy
1594604412.0813,9297.0,0.092,Buy
1594604412.0813,9297.0,0.076,Buy
1594604412.0813,9297.0,0.005,Buy
1594604412.0813,9297.0,0.05,Buy
1594604412.0813,9297.0,0.006,Buy
1594604412.0813,9297.0,0.002,Buy
1594604412.0813,9297.0,0.001,Buy
1594604412.0813,9297.0,0.001,Buy
1594604412.0813,9297.0,0.001,Buy
1594604412.0813,9297.0,0.001,Buy
1594604412.2878,9298.0,0.181,Buy
1594604412.2878,9298.0,0.005,Buy
1594604412.2878,9298.0,0.05,Buy
1594604412.2878,9298.0,0.002,Buy
1594604412.2878,9298.0,0.001,Buy
1594604412.2878,9298.0,0.001,Buy
1594604412.7091,9298.0,0.108,Buy
1594604412.7091,9298.0,0.001,Buy
1594604412.7747,9298.5,0.006,Buy
1594604412.8584,9299.0,0.001,Buy
1594604412.8584,9299.0,0.05,Buy
1594604412.8584,9299.0,0.001,Buy
1594604412.8634,9299.0,0.025,Sell
1594604429.8973,9299.5,0.042,Buy
1594604429.8973,9299.5,0.129,Buy
1594604429.8973,9299.5,0.105,Buy
1594604479.6963,9299.5,0.001,Buy
1594604479.6963,9299.5,0.026,Buy
1594604479.6963,9299.5,0.001,Buy
1594604479.6963,9299.5,0.001,Buy
1594604479.6963,9299.5,0.05,Buy
1594604483.1862,9299.5,1.152,Sell
1594604483.1862,9299.5,0.381,Sell
1594604513.4362,9300.0,0.05,Buy
1594604513.4362,9300.0,0.005,Buy
1594604513.4362,9300.0,0.001,Buy
1594604513.4362,9300.0,0.034,Buy
1594604513.4362,9300.0,0.597,Buy
1594604513.4421,9299.5,0.1,Sell
1594604522.6028,9300.0,6.0,Buy
1594604522.7694,9299.5,2.0,Sell
1594604550.3716,9299.5,0.081,Sell
1594604564.9605,9299.5,0.02,Sell
1594604581.4758,9300.0,0.001,Buy
1594604589.5085,9299.5,0.001,Sell
1594604592.0346,9299.5,0.002,Sell
1594604592.0346,9299.5,0.001,Sell
1594604592.0346,9299.5,0.001,Sell
1594604592.0346,9299.5,0.002,Sell
1594604597.2689,9299.5,0.983,Buy
1594604598.2929,9299.5,0.08,Buy
1594604599.2728,9299.5,0.022,Buy
1594604603.2804,9299.5,0.016,Buy
1594604612.9448,9299.0,0.001,Sell
1594604612.9448,9299.0,1.999,Sell
1594604616.288,9299.5,0.026,Buy
1594604618.1483,9299.0,0.343,Sell
1594604618.3014,9299.5,0.866,Buy
1594604620.296,9299.5,0.028,Buy
1594604633.3035,9299.5,0.018,Buy
1594604637.311,9299.5,0.008,Buy
1594604638.31,9299.5,0.674,Buy
1594604641.3092,9299.0,0.001,Sell
1594604641.3712,9299.0,0.001,Sell
1594604646.403,9299.5,0.001,Buy
1594604647.3393,9299.5,0.001,Buy
1594604649.3185,9299.5,0.09,Buy
1594604651.3261,9299.5,0.829,Buy
1594604658.3186,9299.5,0.865,Buy
1594604661.0149,9299.0,0.01,Sell
1594604662.3339,9299.5,0.007,Buy
1594604665.4856,9299.0,0.178,Sell
1594604665.4856,9299.0,0.054,Sell
1594604665.4856,9299.0,1.768,Sell
1594604674.8713,9298.5,0.001,Sell
1594604674.8713,9298.5,0.108,Sell
1594604701.8517,9298.0,0.001,Sell
1594604702.3751,9298.0,0.018,Buy
1594604710.8862,9298.0,0.001,Buy
1594604717.3893,9298.0,0.023,Buy
1594604718.3459,9298.0,0.001,Buy
1594604724.1124,9296.5,0.152,Sell
1594604724.1124,9297.5,0.001,Sell
1594604724.1124,9297.0,0.001,Sell
1594604724.1124,9296.5,0.001,Sell
1594604724.1187,9296.5,0.096,Sell
1594604736.5973,9296.5,0.012,Sell
1594604738.0913,9296.5,0.387,Sell
1594604748.1225,9297.0,0.022,Buy
1594604760.1575,9296.5,1.0,Sell
1594604762.067,9297.0,0.001,Buy
1594604763.1705,9296.5,0.006,Sell
1594604770.098,9296.5,0.001,Sell
1594604777.1503,9296.5,0.2,Sell
1594604782.7517,9296.5,0.243,Sell
1594604792.6826,9296.5,0.001,Sell
1594604792.6826,9296.5,0.001,Sell
1594604792.6826,9296.5,0.005,Sell
1594604792.6826,9296.5,0.009,Sell
1594604792.6826,9296.5,0.1,Sell
1594604794.8116,9296.0,0.005,Sell
1594604794.8116,9296.0,0.001,Sell
1594604796.5475,9295.5,0.001,Sell
1594604796.5475,9295.5,0.001,Sell
1594604806.2486,9295.0,0.001,Sell
1594604812.3541,9294.5,0.001,Sell
1594604816.321,9292.0,0.001,Sell
1594604816.321,9292.5,0.001,Sell
1594604816.321,9293.0,4.437,Sell
1594604816.321,9293.0,0.001,Sell
1594604816.321,9293.5,0.001,Sell
1594604816.321,9291.5,0.67,Sell
1594604816.321,9292.0,0.005,Sell
1594604816.321,9291.5,0.032,Sell
1594604816.321,9291.5,0.95,Sell
1594604816.321,9291.5,0.82,Sell
1594604816.321,9294.0,0.001,Sell
1594604816.321,9291.5,0.001,Sell
1594604822.2258,9291.5,0.001,Buy
1594604830.264,9291.0,0.001,Sell
1594604881.4627,9291.5,0.001,Buy
1594604884.8615,9291.0,0.001,Sell
1594604884.8615,9291.0,0.035,Sell
1594604891.495,9291.0,0.001,Sell
1594604934.1413,9291.0,0.001,Sell
1594604934.1413,9291.0,0.001,Sell
1594604934.1413,9291.0,0.001,Sell
1594604934.1413,9291.0,0.015,Sell
1594604934.1413,9291.0,0.05,Sell
1594604934.1413,9291.0,0.05,Sell
1594604934.1413,9291.0,0.1,Sell
1594604934.1413,9291.0,0.1,Sell
1594604934.1413,9291.0,0.1,Sell
1594604964.6592,9290.0,0.001,Sell
1594604964.6592,9290.5,0.015,Sell
1594604964.6592,9290.0,0.001,Sell
1594604964.6592,9290.0,0.001,Sell
1594604964.6592,9290.0,0.002,Sell
1594604964.6592,9290.5,0.001,Sell
1594604964.6592,9290.0,0.241,Sell
1594604964.6592,9290.5,0.001,Sell
1594604964.6592,9290.0,0.758,Sell
1594604964.6592,9290.5,0.108,Sell
1594604969.4437,9290.0,0.276,Sell
1594604980.2527,9290.5,0.044,Buy
1594605001.2718,9290.5,0.001,Buy
1594605008.3164,9290.0,0.001,Sell
1594605029.1499,9290.0,0.5,Sell
1594605045.6189,9290.5,1.1,Buy
1594605056.3422,9290.0,0.616,Sell
1594605056.3422,9290.0,0.034,Sell
1594605057.1655,9289.5,5.32,Sell
1594605057.1655,9289.5,0.001,Sell
1594605057.1655,9290.0,2.4,Sell
1594605057.1655,9290.0,0.101,Sell
1594605057.1655,9289.5,2.178,Sell
1594605064.9519,9289.5,1.0,Sell
1594605078.3803,9289.5,0.116,Sell
1594605097.3201,9289.0,0.006,Sell
1594605097.3201,9289.0,0.001,Sell
1594605097.3201,9288.5,0.001,Sell
1594605097.3201,9288.5,0.12,Sell
1594605097.3201,9289.0,0.002,Sell
1594605097.3201,9289.0,0.001,Sell
1594605097.3201,9289.5,0.001,Sell
1594605121.4035,9289.0,0.001,Buy
1594605121.7649,9288.5,0.001,Sell
1594605126.7961,9288.5,0.001,Buy
1594605129.4345,9288.0,0.001,Sell
1594605131.8158,9287.5,0.879,Sell
1594605131.8158,9287.5,0.95,Sell
1594605131.8158,9287.5,0.67,Sell
1594605131.8158,9287.5,0.001,Sell
1594605131.8158,9288.0,0.002,Sell
1594605131.8158,9288.0,2.264,Sell
1594605131.8158,9288.0,0.2,Sell
1594605131.8158,9288.0,0.034,Sell
1594605133.8062,9287.5,0.315,Sell
1594605136.1858,9287.5,0.017,Sell
1594605137.8139,9287.5,0.013,Sell
1594605144.528,9287.5,0.01,Sell
1594605150.8258,9287.5,0.483,Sell
1594605162.8378,9287.5,0.048,Sell
1594605163.5368,9287.5,0.003,Sell
1594605166.1859,9287.5,0.061,Sell
1594605173.8502,9287.5,0.027,Sell
1594605177.3958,9289.0,0.001,Buy
1594605177.3958,9288.0,0.001,Buy
1594605177.3958,9288.0,0.054,Buy
1594605177.3958,9288.0,0.001,Buy
1594605177.3958,9289.0,0.001,Buy
1594605177.3958,9290.0,7.373,Buy
1594605177.3958,9289.0,0.001,Buy
1594605177.3958,9290.0,0.001,Buy
1594605177.3958,9290.0,0.001,Buy
1594605177.3958,9290.0,0.001,Buy
1594605177.3958,9288.0,0.009,Buy
1594605177.3958,9288.0,0.001,Buy
1594605177.3958,9289.0,0.001,Buy
1594605177.3958,9288.0,0.015,Buy
1594605177.3958,9288.0,0.05,Buy
1594605177.3958,9288.0,0.05,Buy
1594605177.3958,9288.0,0.065,Buy
1594605177.3958,9288.0,0.108,Buy
1594605177.3958,9288.0,2.264,Buy
1594605177.3958,9288.0,0.001,Buy
1594605177.3958,9288.0,0.001,Buy
1594605230.757,9289.5,0.001,Sell
1594605230.8183,9289.0,0.001,Sell
1594605238.1683,9288.5,0.001,Sell
1594605241.4972,9288.0,0.001,Sell
1594605242.0629,9288.5,0.001,Buy
1594605247.5325,9288.5,0.001,Buy
1594605250.0944,9288.0,0.001,Sell
1594605256.1464,9287.5,0.001,Sell
1594605256.1464,9287.0,0.001,Sell
1594605256.1464,9286.5,0.993,Sell
1594605256.1464,9288.0,0.004,Sell
1594605256.1464,9287.0,9.0,Sell
1594605256.1464,9286.5,0.001,Sell
1594605269.9145,9286.5,1.053,Buy
1594605302.9888,9286.5,0.001,Buy
1594605311.0249,9286.0,0.001,Sell
1594605361.3412,9286.5,0.001,Sell
1594605370.374,9287.0,0.001,Buy
1594605421.5973,9287.0,0.001,Buy
1594605431.6309,9286.5,0.001,Sell
1594605449.4305,9287.0,0.15,Buy
1594605457.385,9286.5,0.001,Sell
1594605457.385,9286.5,0.009,Sell
1594605457.385,9286.5,0.004,Sell
1594605457.385,9286.5,0.549,Sell
1594605457.385,9286.5,0.001,Sell
1594605457.385,9286.5,0.001,Sell
1594605457.385,9286.5,0.001,Sell
1594605457.385,9286.5,0.015,Sell
1594605457.385,9286.5,0.001,Sell
1594605457.385,9286.5,0.001,Sell
1594605457.4138,9286.0,0.168,Sell
1594605457.4516,9286.0,0.074,Sell
1594605457.4516,9286.0,0.001,Sell
1594605457.4516,9286.0,0.308,Sell
1594605457.4516,9286.0,0.001,Sell
1594605457.4516,9286.0,0.001,Sell
1594605457.4561,9285.0,0.092,Sell
1594605457.4561,9284.5,0.001,Sell
1594605457.4561,9285.0,0.001,Sell
1594605457.4561,9284.0,0.001,Sell
1594605457.4561,9284.0,0.001,Sell
1594605457.4561,9284.0,0.001,Sell
1594605457.4561,9285.5,0.001,Sell
1594605457.4561,9284.0,0.001,Sell
1594605457.4561,9284.0,0.005,Sell
1594605457.4561,9284.0,0.895,Sell
1594605457.4561,9285.5,0.001,Sell
1594605457.6225,9283.5,0.001,Sell
1594605457.7022,9283.0,0.001,Sell
1594605457.7022,9283.0,0.001,Sell
1594605457.7022,9283.0,0.002,Sell
1594605458.1002,9282.5,0.004,Sell
1594605458.1002,9282.5,0.001,Sell
1594605458.1002,9282.5,0.004,Sell
1594605458.1002,9282.5,0.001,Sell
1594605458.1002,9282.5,0.054,Sell
1594605458.1894,9282.0,0.005,Sell
1594605458.1894,9282.0,0.002,Sell
1594605458.1894,9282.0,0.001,Sell
1594605458.2835,9281.5,0.032,Sell
1594605458.2835,9281.5,0.001,Sell
1594605460.5225,9281.0,0.001,Sell
1594605460.5225,9281.0,0.108,Sell
1594605460.5225,9281.0,0.002,Sell
1594605460.5225,9281.0,0.001,Sell
1594605460.5225,9281.0,0.003,Sell
1594605460.5225,9281.0,0.006,Sell
1594605460.5225,9281.0,0.001,Sell
1594605460.5225,9281.0,0.001,Sell
1594605460.5225,9281.0,0.001,Sell
1594605460.5225,9281.0,0.002,Sell
1594605460.5225,9281.0,0.001,Sell
1594605460.5225,9281.0,0.006,Sell
1594605460.8009,9280.5,0.001,Sell
1594605460.8344,9280.0,0.001,Sell
1594605460.8344,9280.0,1.0,Sell
1594605460.9537,9279.5,0.002,Sell
1594605460.9537,9279.5,0.002,Sell
1594605460.9537,9279.5,0.002,Sell
1594605460.9537,9279.5,0.001,Sell
1594605460.9537,9279.5,0.001,Sell
1594605460.9537,9279.5,0.002,Sell
1594605475.5119,9279.5,0.1,Buy
1594605489.4687,9279.5,0.01,Buy
1594605490.4912,9279.0,0.2,Sell
1594605490.4912,9278.5,5.3,Sell
1594605490.4912,9279.0,0.05,Sell
1594605490.4912,9278.5,0.001,Sell
1594605490.4912,9278.5,0.001,Sell
1594605490.4912,9278.5,2.33,Sell
1594605490.4912,9279.0,0.001,Sell
1594605490.4912,9279.0,0.7,Sell
1594605490.4912,9278.5,5.0,Sell
1594605490.4912,9279.0,0.005,Sell
1594605490.4912,9279.0,0.001,Sell
1594605490.4912,9279.0,0.004,Sell
1594605492.8784,9279.0,0.01,Buy
1594605496.6836,9278.5,0.025,Sell
1594605498.1729,9278.5,0.46,Sell
1594605503.2189,9279.0,0.01,Buy
1594605506.0232,9278.5,0.001,Sell
1594605506.0232,9278.5,0.074,Sell
1594605509.2317,9278.5,0.026,Sell
1594605509.2317,9278.5,0.03,Sell
1594605510.1848,9278.5,0.024,Sell
1594605517.6921,9278.5,0.018,Sell
1594605563.5428,9279.0,0.213,Buy
1594605601.3109,9279.0,0.001,Buy
1594605604.8628,9279.0,0.001,Buy
1594605604.8628,9279.0,0.001,Buy
1594605604.8628,9279.0,0.002,Buy
1594605604.8628,9279.0,0.001,Buy
1594605604.8628,9279.0,0.054,Buy
1594605605.4842,9280.0,0.022,Buy
1594605605.4842,9280.0,0.025,Buy
1594605605.4842,9280.0,0.001,Buy
1594605605.4842,9280.0,0.001,Buy
1594605605.4842,9280.0,0.001,Buy
1594605605.4842,9280.0,0.05,Buy
1594605608.3567,9279.5,0.001,Sell
1594605610.529,9280.0,0.108,Buy
1594605610.529,9280.0,0.003,Buy
1594605610.529,9280.0,1.0,Buy
1594605612.7361,9280.5,0.028,Sell
1594605615.2883,9280.5,0.016,Sell
1594605627.3014,9280.5,0.006,Sell
1594605631.7447,9280.5,0.029,Sell
1594605634.106,9281.0,0.048,Buy
1594605634.106,9281.0,0.001,Buy
1594605634.106,9281.0,0.001,Buy
1594605640.3142,9280.5,0.025,Sell
1594605652.3265,9280.5,0.013,Sell
1594605652.7539,9280.5,0.007,Sell
1594605661.5252,9280.5,0.001,Sell
1594605664.3393,9280.5,0.009,Sell
1594605670.5557,9281.0,0.001,Buy
1594605673.7627,9280.5,0.011,Sell
1594605675.3458,9280.5,0.003,Sell
1594605679.3534,9280.5,0.014,Sell
1594605692.3656,9280.5,0.021,Sell
1594605692.7717,9280.5,0.006,Sell
1594605704.3776,9280.5,0.006,Sell
1594605707.6557,9281.0,0.951,Buy
1594605707.6557,9281.0,0.05,Buy
1594605707.6557,9281.0,0.001,Buy
1594605709.6841,9281.5,0.001,Buy
1594605709.7842,9282.0,0.001,Buy
1594605709.7842,9282.0,0.001,Buy
1594605709.7842,9282.0,0.05,Buy
1594605709.7842,9282.0,0.048,Buy
1594605711.7804,9281.5,0.001,Sell
1594605711.9744,9282.0,1.25,Buy
1594605713.6142,9282.0,0.001,Buy
1594605713.6142,9283.0,0.001,Buy
1594605713.6142,9283.0,0.001,Buy
1594605713.6142,9282.0,0.001,Buy
1594605713.6142,9283.0,0.001,Buy
1594605713.6142,9283.0,0.05,Buy
1594605713.6142,9283.5,0.001,Buy
1594605713.6142,9283.5,0.591,Buy
1594605713.6142,9282.0,0.001,Buy
1594605713.6142,9282.0,0.002,Buy
1594605713.6142,9282.0,0.015,Buy
1594605713.6142,9282.0,0.001,Buy
1594605713.6142,9282.0,0.001,Buy
1594605713.6142,9282.0,0.001,Buy
1594605713.6142,9282.0,0.001,Buy
1594605766.0579,9283.5,0.491,Buy
1594605781.7482,9283.5,0.001,Buy
1594605791.7828,9283.0,0.001,Sell
1594605815.4584,9283.0,0.05,Sell
1594605841.2626,9283.0,0.001,Sell
1594605841.3948,9283.0,0.001,Sell
1594605846.2936,9283.5,0.001,Buy
1594605847.425,9283.5,0.001,Buy
1594605961.9394,9283.5,0.001,Buy
1594605969.9713,9283.0,0.001,Sell
1594606012.7991,9283.0,0.33,Sell
1594606021.3018,9283.5,0.001,Buy
1594606021.4307,9283.5,0.001,Buy
1594606029.3389,9283.0,0.001,Sell
1594606029.4628,9283.0,0.001,Sell
1594606092.3606,9283.0,0.003,Sell
1594606092.3606,9283.0,0.005,Sell
1594606092.3606,9283.0,0.108,Sell
1594606092.3606,9283.0,0.009,Sell
1594606092.3606,9283.0,0.001,Sell
1594606092.3606,9283.0,0.054,Sell
1594606092.3606,9283.0,0.001,Sell
1594606092.3606,9283.0,0.001,Sell
1594606092.3606,9283.0,0.214,Sell
1594606092.3606,9283.0,0.108,Sell
1594606092.3606,9283.0,0.249,Sell
1594606092.3606,9283.0,0.001,Sell
1594606094.9482,9283.0,0.825,Buy
1594606096.1857,9283.0,0.004,Buy
1594606097.6683,9282.5,0.108,Sell
1594606097.6683,9282.5,0.001,Sell
1594606097.6683,9282.5,0.001,Sell
1594606097.8015,9282.0,0.001,Sell
1594606102.4002,9281.5,0.001,Sell
1594606120.1847,9281.0,0.001,Sell
1594606120.1847,9281.0,0.015,Sell
1594606120.1847,9281.0,0.001,Sell
1594606120.1847,9281.0,0.001,Sell
1594606126.1858,9281.0,0.01,Buy
1594606126.795,9281.0,0.021,Buy
1594606133.7267,9280.5,0.001,Sell
1594606133.7267,9280.5,0.015,Sell
1594606133.7267,9280.5,0.001,Sell
1594606133.7267,9280.5,0.001,Sell
1594606133.7267,9280.5,0.015,Sell
1594606133.7267,9280.5,0.001,Sell
1594606133.7267,9280.5,0.001,Sell
1594606133.7267,9280.5,0.001,Sell
1594606133.7267,9280.5,0.001,Sell
1594606180.0932,9279.5,0.998,Sell
1594606180.0932,9280.0,0.001,Sell
1594606180.0932,9279.5,0.001,Sell
1594606201.8673,9279.5,0.001,Buy
1594606208.9004,9279.0,0.001,Sell
1594606257.4784,9279.0,0.2,Sell
1594606257.4784,9279.0,0.005,Sell
1594606257.4784,9279.0,0.02,Sell
1594606259.9354,9279.0,0.664,Buy
1594606261.9432,9279.0,0.762,Buy
1594606270.2948,9278.5,0.001,Sell
1594606270.3691,9278.0,0.001,Sell
1594606270.3691,9278.0,0.001,Sell
1594606270.3691,9278.0,0.001,Sell
1594606271.4287,9277.5,0.001,Sell
1594606274.4238,9277.0,0.002,Sell
1594606274.4238,9277.0,0.05,Sell
1594606274.4238,9277.0,0.001,Sell
1594606274.4238,9277.0,0.001,Sell
1594606274.4238,9277.0,0.002,Sell
1594606274.4238,9277.0,0.001,Sell
1594606274.4238,9277.0,0.001,Sell
1594606274.4238,9277.0,0.002,Sell
1594606274.4238,9277.0,0.001,Sell
1594606274.4238,9277.0,0.001,Sell
1594606274.4238,9277.0,1.0,Sell
1594606274.9582,9277.0,0.459,Buy
1594606276.1858,9277.0,0.026,Buy
1594606278.0284,9277.0,0.313,Buy
1594606283.0166,9278.0,0.001,Buy
1594606283.0166,9278.0,2.71,Buy
1594606283.0166,9277.5,0.5,Buy
1594606283.0166,9277.5,2.5,Buy
1594606283.0166,9277.5,2.71,Buy
1594606283.0166,9277.5,5.59,Buy
1594606283.0166,9278.0,2.5,Buy
1594606283.0166,9278.0,6.35,Buy
1594606283.0166,9277.5,7.999,Buy
1594606283.0166,9278.0,0.001,Buy
1594606283.0166,9278.0,0.643,Buy
1594606283.0166,9279.0,6.408,Buy
1594606283.0166,9278.5,0.1,Buy
1594606283.0166,9278.5,6.35,Buy
1594606283.0166,9278.5,0.001,Buy
1594606283.0166,9278.5,2.5,Buy
1594606283.0166,9278.0,2.59,Buy
1594606283.0166,9277.0,0.001,Buy
1594606283.0166,9277.0,1.2,Buy
1594606283.0166,9277.0,1.0,Buy
1594606283.0166,9277.0,0.15,Buy
1594606283.0166,9277.0,1.5,Buy
1594606283.0166,9277.0,2.263,Buy
1594606283.0166,9277.0,2.264,Buy
1594606283.0166,9277.0,0.05,Buy
1594606283.0166,9277.0,7.0,Buy
1594606283.0166,9277.0,0.343,Buy
1594606283.0166,9277.0,4.433,Buy
1594606283.0166,9277.0,2.4,Buy
1594606283.0166,9277.0,4.15,Buy
1594606283.0166,9277.0,4.792,Buy
1594606285.2028,9277.0,0.001,Buy
1594606319.8685,9276.5,0.164,Sell
1594606319.8685,9276.5,0.005,Sell
1594606319.8685,9276.5,0.001,Sell
1594606321.1999,9276.5,0.001,Sell
1594606321.3299,9277.0,0.001,Buy
1594606322.1627,9276.5,0.001,Sell
1594606326.2369,9277.0,0.001,Buy
1594606331.1978,9277.0,0.001,Buy
1594606331.3603,9276.5,0.001,Sell
1594606405.3562,9277.0,0.296,Buy
1594606405.3562,9277.0,0.296,Buy
1594606405.3562,9277.0,0.001,Buy
1594606413.0934,9277.5,0.026,Sell
1594606419.0903,9277.5,0.027,Sell
1594606425.1053,9277.5,0.024,Sell
1594606437.1174,9277.5,0.013,Sell
1594606440.0991,9277.5,0.481,Sell
1594606441.306,9277.5,0.001,Sell
1594606442.7371,9278.0,0.001,Buy
1594606447.3526,9279.0,0.001,Buy
1594606450.7741,9278.5,0.001,Sell
1594606501.6061,9279.0,0.001,Buy
1594606509.6359,9278.5,0.001,Sell
1594606558.437,9278.5,0.001,Sell
1594606558.437,9278.5,0.001,Sell
1594606558.437,9278.5,0.442,Sell
1594606558.437,9278.5,3.662,Sell
1594606558.437,9278.5,0.05,Sell
1594606558.437,9278.5,0.05,Sell
1594606560.1546,9278.5,0.022,Buy
1594606561.8479,9278.5,0.001,Buy
1594606565.251,9278.5,0.012,Buy
1594606566.844,9278.5,4.206,Buy
1594606569.8764,9278.0,0.001,Sell
1594606576.1861,9278.5,0.015,Buy
1594606576.2629,9278.5,0.018,Buy
1594606580.1634,9278.5,0.318,Buy
1594606587.2752,9278.5,0.015,Buy
1594606589.2868,9278.0,0.045,Sell
1594606599.1722,9278.5,0.001,Buy
1594606599.2893,9278.5,0.028,Buy
1594606606.1858,9278.5,0.163,Buy
1594606612.3056,9278.5,0.532,Buy
1594606619.1807,9278.5,0.004,Buy
1594606625.3177,9278.5,0.255,Buy
1594606625.3177,9278.5,0.153,Buy
1594606639.1893,9278.5,0.27,Buy
1594606639.3339,9278.5,0.064,Buy
1594606652.3463,9278.5,0.014,Buy
1594606654.6629,9278.5,0.2,Buy
1594606677.3745,9278.5,0.028,Sell
1594606678.2035,9278.5,0.993,Sell
1594606689.3862,9278.5,0.076,Sell
1594606696.1859,9278.5,0.659,Sell
1594606699.2129,9278.5,0.773,Sell
1594606701.3989,9278.5,0.007,Sell
1594606711.4051,9278.5,0.002,Sell
1594606715.4141,9278.5,0.181,Sell
1594606718.2217,9278.5,0.478,Sell
1594606728.4266,9278.5,0.026,Sell
1594606737.2303,9278.5,0.475,Sell
1594606739.4328,9278.5,0.869,Sell
1594606743.4407,9278.5,0.008,Sell
1594606755.4528,9278.5,0.725,Sell
1594606755.4528,9278.5,0.264,Sell
1594606756.2388,9278.5,0.024,Sell
1594606757.6116,9278.5,0.03,Sell
1594606766.4651,9278.5,0.018,Sell
1594606767.4691,9278.5,0.013,Sell
1594606777.2476,9278.5,0.876,Sell
1594606779.4808,9278.5,0.326,Sell
1594606790.4928,9278.5,0.022,Sell
1594606798.2564,9278.5,0.067,Sell
1594606801.8696,9279.0,0.001,Buy
1594606802.0905,9278.5,0.001,Sell
1594606802.5047,9278.5,0.003,Sell
1594606804.5086,9278.5,0.01,Sell
1594606807.1266,9279.0,0.001,Buy
1594606808.9003,9278.5,0.001,Sell
1594606817.2652,9278.5,0.021,Sell
1594606817.5182,9278.5,0.018,Sell
1594606830.5304,9278.5,0.014,Sell
1594606836.2741,9278.5,0.012,Sell
1594606842.5435,9278.5,0.007,Sell
1594606854.5555,9278.5,0.75,Sell
1594606855.283,9278.5,0.841,Sell
1594606861.3491,9279.0,0.001,Buy
1594606866.5674,9278.5,0.005,Sell
1594606871.3825,9278.5,0.001,Sell
1594606874.2917,9278.5,0.016,Sell
1594606877.5795,9278.5,0.007,Sell
1594606878.5833,9278.5,0.396,Sell
1594606890.5931,9278.5,0.019,Sell
1594606893.3005,9278.5,0.007,Sell
1594606903.6049,9278.5,0.011,Sell
1594606914.3093,9278.5,0.002,Sell
1594606916.6188,9278.5,0.024,Sell
1594606921.4637,9279.0,0.001,Buy
1594606927.6305,9278.5,0.581,Sell
1594606929.4974,9278.5,0.001,Sell
1594606930.7596,9279.0,0.137,Buy
1594606935.318,9278.5,0.545,Sell
1594606939.6424,9278.5,0.024,Sell
1594606952.6545,9278.5,0.001,Sell
1594606956.328,9278.5,0.465,Sell
1594606965.6666,9278.5,0.022,Sell
1594606977.338,9278.5,0.442,Sell
1594606978.6786,9278.5,0.009,Sell
1594606981.3573,9278.5,0.001,Sell
1594606982.911,9279.0,0.001,Buy
1594606990.3878,9279.0,0.001,Buy
1594606990.9419,9278.5,0.001,Sell
1594606992.692,9278.5,0.611,Sell
1594606996.3469,9278.5,0.414,Sell
1594607002.6982,9278.5,0.102,Sell
1594607004.7061,9278.5,0.918,Sell
1594607016.7186,9278.5,0.569,Sell
1594607017.3558,9278.5,0.298,Sell
1594607041.5264,9278.5,0.001,Sell
1594607047.5577,9279.0,0.001,Buy
1594607068.0338,9278.5,0.01,Sell
1594607081.4183,9279.0,0.009,Buy
1594607101.2817,9279.0,0.001,Buy
1594607109.322,9278.5,0.001,Sell
1594607118.4049,9279.5,0.765,Sell
1594607179.4635,9279.5,0.061,Sell
1594607224.009,9280.0,0.001,Buy
1594607224.009,9280.0,0.05,Buy
1594607224.009,9280.0,0.402,Buy
1594607224.009,9280.0,0.001,Buy
1594607281.3911,9279.5,0.001,Sell
1594607286.4219,9280.0,0.001,Buy
1594607297.4462,9280.5,0.063,Buy
1594607307.4155,9281.0,0.001,Buy
1594607307.4155,9281.0,0.05,Buy
1594607307.4155,9281.0,0.001,Buy
1594607307.4155,9281.0,0.001,Buy
1594607362.33,9281.5,0.3,Sell
1594607401.402,9282.0,0.001,Buy
1594607401.5171,9282.0,0.001,Buy
1594607402.8051,9282.0,0.001,Buy
1594607408.4371,9281.5,0.001,Sell
1594607410.9048,9281.5,0.001,Sell
1594607411.5498,9281.5,0.001,Sell
1594607461.7578,9282.0,0.001,Buy
1594607469.7914,9281.5,0.001,Sell
1594607499.9981,9282.0,0.015,Buy
1594607499.9981,9282.0,0.015,Buy
1594607499.9981,9282.0,0.001,Buy
1594607499.9981,9282.0,0.001,Buy
1594607499.9981,9282.0,0.002,Buy
1594607499.9981,9282.0,0.001,Buy
1594607499.9981,9282.0,0.001,Buy
1594607499.9981,9282.0,0.001,Buy
1594607499.9981,9282.0,0.002,Buy
1594607499.9981,9282.0,0.048,Buy
1594607499.9981,9282.0,0.25,Buy
1594607499.9981,9282.0,0.001,Buy
1594607499.9981,9282.0,0.001,Buy
1594607617.3575,9283.0,0.001,Buy
1594607617.3575,9283.0,0.001,Buy
1594607617.3575,9283.0,0.05,Buy
1594607617.3575,9283.0,0.001,Buy
1594607617.3575,9283.0,0.015,Buy
1594607631.6635,9283.0,0.3,Buy
1594607641.2456,9283.0,0.001,Buy
1594607642.6516,9282.5,0.001,Sell
1594607642.6567,9282.5,0.001,Sell
1594607648.6929,9283.0,0.001,Buy
1594607649.2787,9282.5,0.001,Sell
1594607651.7019,9283.0,0.001,Buy
1594607724.9842,9282.5,0.001,Sell
1594607724.9842,9282.5,0.001,Sell
1594607724.9842,9282.5,0.05,Sell
1594607724.9842,9282.5,0.024,Sell
1594607725.0842,9282.0,0.1,Sell
1594607725.1843,9282.0,0.1,Sell
1594607725.2842,9282.0,0.001,Sell
1594607725.2842,9282.0,0.05,Sell
1594607726.6757,9282.0,0.661,Buy
1594607728.4345,9282.0,0.011,Buy
1594607728.5844,9281.5,0.001,Sell
1594607741.4468,9281.5,0.118,Buy
1594607746.1858,9281.5,0.005,Buy
1594607746.6846,9281.5,0.026,Buy
1594607756.4616,9281.5,0.681,Buy
1594607762.2309,9281.0,0.001,Sell
1594607762.2362,9281.0,0.001,Sell
1594607762.2362,9281.0,0.001,Sell
1594607765.6933,9281.5,0.014,Buy
1594607767.2603,9281.5,0.001,Buy
1594607767.4736,9281.5,0.009,Buy
1594607776.1858,9281.5,0.026,Buy
1594607780.4858,9281.5,0.001,Buy
1594607784.7021,9281.5,0.027,Buy
1594607792.499,9281.5,0.025,Buy
1594607803.5108,9281.5,0.022,Buy
1594607803.711,9281.5,0.487,Buy
1594607806.1859,9281.5,0.007,Buy
1594607814.523,9281.5,0.017,Buy
1594607814.7842,9281.0,0.001,Sell
1594607814.7842,9281.0,0.001,Sell
1594607814.7842,9281.0,0.015,Sell
1594607814.7842,9281.0,0.001,Sell
1594607814.8842,9280.5,0.001,Sell
1594607814.9842,9280.0,0.001,Sell
1594607814.9842,9280.0,0.099,Sell
1594607815.0841,9280.0,0.005,Sell
1594607815.0841,9280.0,0.001,Sell
1594607815.0841,9280.0,0.005,Sell
1594607815.1842,9279.5,0.001,Sell
1594607819.785,9279.0,0.076,Sell
1594607819.785,9279.0,0.001,Sell
1594607819.785,9279.0,0.001,Sell
1594607819.785,9279.0,0.015,Sell
1594607819.785,9279.0,0.001,Sell
1594607819.785,9279.0,0.005,Sell
1594607819.785,9279.0,0.001,Sell
1594607819.7906,9279.0,0.075,Sell
1594607819.8843,9279.0,0.001,Sell
1594607819.8843,9279.0,0.084,Sell
1594607819.8843,9279.0,0.001,Sell
1594607822.7199,9279.0,0.022,Buy
1594607825.535,9279.0,0.811,Buy
1594607836.1859,9279.0,0.816,Buy
1594607837.5487,9279.0,0.021,Buy
1594607841.729,9279.0,0.029,Buy
1594607844.1793,9279.0,0.098,Buy
1594607849.5626,9279.0,0.295,Buy
1594607860.5726,9279.0,0.029,Buy
1594607860.7379,9279.0,0.013,Buy
1594607861.5764,9279.0,0.02,Buy
1594607873.5908,9279.0,0.238,Buy
1594607881.252,9279.0,0.001,Buy
1594607889.286,9278.5,0.001,Sell
1594607941.2254,9279.0,0.001,Buy
1594607941.8077,9279.0,0.001,Buy
1594607945.6648,9279.0,0.63,Buy
1594607949.2555,9278.5,0.001,Sell
1594607951.8438,9278.5,0.001,Sell
1594607955.7812,9279.0,0.978,Buy
1594607962.6805,9279.0,0.009,Buy
1594607964.237,9278.5,2.263,Sell
1594607964.237,9278.5,0.141,Sell
1594607964.237,9278.5,6.0,Sell
1594607964.237,9278.5,0.115,Sell
1594607964.237,9278.5,2.264,Sell
1594607964.237,9278.5,0.001,Sell
1594607964.237,9278.5,0.001,Sell
1594607964.237,9278.0,0.001,Sell
1594607964.237,9278.0,2.263,Sell
1594607964.237,9278.5,2.4,Sell
1594607964.237,9278.5,1.0,Sell
1594608003.1354,9278.5,0.001,Buy
1594608010.1702,9278.0,0.001,Sell
1594608045.4653,9278.0,0.3,Sell
1594608083.1676,9278.0,0.603,Sell
1594608083.1676,9278.0,0.108,Sell
1594608135.86,9278.5,0.006,Buy
1594608137.8546,9278.5,0.029,Buy
1594608152.8686,9278.5,0.012,Buy
1594608155.8688,9278.5,0.001,Buy
1594608168.884,9278.5,0.001,Buy
1594608175.8779,9278.5,0.025,Buy
1594608180.8978,9278.5,0.778,Buy
1594608181.6421,9278.5,0.001,Buy
1594608189.6728,9278.0,0.001,Sell
1594608192.9127,9278.5,0.005,Buy
1594608195.8874,9278.5,0.011,Buy
1594608205.928,9278.5,0.008,Buy
1594608215.8964,9278.5,0.004,Buy
1594608218.9432,9278.5,0.016,Buy
1594608222.9509,9278.5,0.006,Buy
1594608234.9589,9278.5,0.025,Buy
1594608236.9051,9278.5,0.001,Buy
1594608242.5502,9278.0,0.001,Sell
1594608242.9907,9278.0,0.001,Sell
1594608248.0221,9278.5,0.001,Buy
1594608248.5954,9278.5,0.001,Buy
1594608248.9742,9278.5,0.927,Buy
1594608256.9138,9278.5,0.667,Buy
1594608262.988,9278.5,0.22,Buy
1594608276.0017,9278.5,0.006,Buy
1594608276.9227,9278.5,0.016,Buy
1594608290.0156,9278.5,0.892,Buy
1594608292.0231,9278.5,0.029,Buy
1594608297.9314,9278.5,0.643,Buy
1594608302.9673,9278.0,0.001,Sell
1594608303.0315,9278.5,0.015,Buy
1594608311.9991,9278.5,0.001,Buy
1594608316.0458,9278.5,0.02,Buy
1594608317.9436,9278.5,0.109,Buy
1594608330.0595,9278.5,0.981,Buy
1594608337.9523,9278.5,0.013,Buy
1594608343.0759,9278.5,0.077,Buy
1594608355.0898,9278.5,0.01,Buy
1594608357.9614,9278.5,0.02,Buy
1594608361.3802,9278.5,0.001,Buy
1594608367.1036,9278.5,0.012,Buy
1594608367.1036,9278.5,0.54,Buy
1594608369.4117,9278.0,0.001,Sell
1594608376.9702,9278.5,0.016,Buy
1594608380.1189,9278.5,0.416,Buy
1594608392.1326,9278.5,0.021,Buy
1594608395.3033,9278.0,0.39,Sell
1594608395.3033,9278.0,0.195,Sell
1594608395.3033,9278.0,0.15,Sell
1594608395.3033,9278.0,1.0,Sell
1594608395.3033,9278.0,0.108,Sell
1594608395.6548,9277.5,0.001,Sell
1594608396.9789,9277.5,0.565,Buy
1594608398.3842,9277.0,0.001,Sell
1594608398.3842,9277.0,0.001,Sell
1594608398.3842,9277.0,0.001,Sell
1594608398.3842,9277.0,0.05,Sell
1594608398.3842,9277.0,0.045,Sell
1594608398.3842,9277.0,0.002,Sell
1594608398.4842,9277.0,0.005,Sell
1594608405.1467,9277.0,0.019,Buy
1594608416.9876,9277.0,0.006,Buy
1594608420.1605,9277.0,0.011,Buy
1594608421.7882,9277.0,0.001,Buy
1594608426.7814,9276.5,0.001,Sell
1594608426.7814,9276.5,0.999,Sell
1594608429.0976,9276.5,0.009,Sell
1594608429.8226,9276.5,0.001,Sell
1594608434.1743,9277.0,0.001,Buy
1594608436.9964,9277.0,0.633,Buy
1594608446.1881,9277.0,0.149,Buy
1594608457.0051,9277.0,0.957,Buy
1594608458.2018,9277.0,0.004,Buy
1594608467.2575,9277.0,0.2,Buy
1594608471.2156,9277.0,0.127,Buy
1594608477.014,9277.0,0.018,Buy
1594608481.1958,9277.0,0.001,Buy
1594608485.2307,9277.0,0.019,Buy
1594608487.2384,9277.0,0.809,Buy
1594608491.228,9276.5,0.001,Sell
1594608497.0233,9277.0,0.02,Buy
1594608498.2464,9277.0,0.837,Buy
1594608511.2603,9277.0,0.306,Buy
1594608516.0321,9277.0,0.634,Buy
1594608528.2757,9277.0,0.013,Buy
1594608535.0413,9277.0,0.37,Buy
1594608544.2914,9277.0,0.282,Buy
1594608552.6209,9275.5,0.242,Sell
1594608552.6209,9275.5,0.001,Sell
1594608552.6209,9275.0,0.001,Sell
1594608552.6209,9275.0,0.751,Sell
1594608552.6209,9276.0,0.002,Sell
1594608552.6209,9276.0,0.001,Sell
1594608552.6209,9276.0,0.001,Sell
1594608552.6209,9276.5,0.001,Sell
1594608558.8568,9275.0,0.059,Sell
1594608562.7811,9275.0,0.106,Sell
1594608564.1052,9275.0,0.084,Sell
1594608564.1052,9275.0,0.034,Sell
1594608564.1052,9275.0,0.01,Sell
1594608564.1052,9275.0,0.872,Sell
1594608566.7993,9275.0,0.108,Sell
1594608570.2219,9275.0,0.02,Sell
1594608570.2219,9275.0,0.088,Sell
1594608574.1503,9275.0,0.108,Sell
1594608579.5684,9275.0,0.109,Sell
1594608583.3726,9275.0,0.108,Sell
1594608587.0199,9275.0,0.188,Sell
1594608590.7467,9275.0,0.06,Sell
1594608594.4427,9275.0,0.119,Sell
1594608596.4849,9275.0,0.454,Sell
1594608600.5072,9275.0,0.072,Sell
1594608601.4975,9275.5,0.001,Buy
1594608604.3918,9275.0,0.108,Sell
1594608608.0944,9275.0,0.059,Sell
1594608608.5289,9275.0,0.001,Sell
1594608611.2795,9275.0,0.107,Sell
1594608616.9335,9275.0,0.054,Sell
1594608617.2649,9275.0,0.409,Sell
1594608621.0424,9275.0,0.108,Sell
1594608627.8518,9275.0,0.15,Sell
1594608634.151,9275.0,0.107,Sell
1594608641.9308,9275.0,0.049,Sell
1594608703.3887,9275.0,0.043,Sell
1594608703.3887,9275.0,0.108,Sell
1594608721.3138,9275.5,0.001,Buy
1594608721.8277,9275.0,0.001,Sell
1594608726.8703,9275.5,0.001,Buy
1594608729.3435,9275.0,0.001,Sell
1594608804.6345,9275.5,0.025,Buy
1594608841.3825,9275.0,0.001,Sell
1594608841.6945,9275.5,0.001,Buy
1594608847.4125,9275.5,0.001,Buy
1594608849.7329,9275.0,0.001,Sell
1594608866.6792,9275.5,0.1,Buy
1594608866.6792,9275.5,0.001,Buy
1594608866.6792,9275.5,0.001,Buy
1594608866.6792,9275.5,0.019,Buy
1594608866.8662,9276.0,0.001,Buy
1594608866.8662,9276.0,0.001,Buy
1594608867.1842,9276.5,0.001,Buy
1594608867.2842,9277.0,0.001,Buy
1594608867.2842,9277.0,0.001,Buy
1594608867.2842,9277.0,0.001,Buy
1594608867.2842,9277.0,0.001,Buy
1594608867.3841,9277.5,0.004,Buy
1594608867.3841,9277.5,0.005,Buy
1594608867.7843,9278.0,0.098,Buy
1594608867.7843,9278.0,0.001,Buy
1594608867.7843,9278.0,0.001,Buy
1594608867.8842,9278.0,0.1,Buy
1594608870.7843,9279.0,0.096,Buy
1594608870.7843,9279.0,0.001,Buy
1594608870.7843,9279.0,0.001,Buy
1594608870.7843,9279.0,0.001,Buy
1594608870.7843,9279.0,0.001,Buy
1594608870.885,9279.0,0.1,Buy
1594608870.9851,9279.0,0.002,Buy
1594608870.9851,9279.0,0.098,Buy
1594608871.0842,9279.0,0.1,Buy
1594608871.1842,9279.0,0.1,Buy
1594608871.1862,9278.5,0.022,Sell
1594608871.2842,9279.0,0.1,Buy
1594608871.3841,9279.0,0.1,Buy
1594608871.4841,9279.0,0.1,Buy
1594608871.5844,9279.0,0.1,Buy
1594608901.3638,9279.5,0.001,Buy
1594608909.3973,9279.0,0.001,Sell
1594608929.7003,9279.5,0.904,Sell
1594608933.708,9279.5,0.479,Sell
1594608945.7201,9279.5,0.068,Sell
1594608946.1859,9279.5,0.18,Sell
1594608949.221,9279.5,0.009,Sell
1594608957.7323,9279.5,0.942,Sell
1594608957.7381,9280.0,0.002,Buy
1594608957.7381,9280.0,0.001,Buy
1594608957.7381,9280.0,0.001,Buy
1594608962.1108,9279.5,0.001,Sell
1594608968.2303,9279.5,0.022,Sell
1594608971.142,9280.0,0.001,Buy
1594608972.746,9279.5,0.01,Sell
1594608998.9144,9278.0,0.001,Sell
1594608998.9144,9278.5,6.47,Sell
1594608998.9144,9278.5,0.67,Sell
1594608998.9144,9278.5,0.95,Sell
1594608998.9144,9278.5,1.7,Sell
1594608998.9144,9278.5,4.65,Sell
1594608998.9144,9278.0,0.67,Sell
1594608998.9144,9279.5,0.05,Sell
1594608998.9144,9277.5,3.21,Sell
1594608998.9144,9278.5,0.001,Sell
1594608998.9144,9277.5,0.001,Sell
1594608998.9144,9277.5,1.43,Sell
1594608998.9144,9277.5,2.37,Sell
1594608998.9144,9277.5,3.98,Sell
1594608998.9144,9278.0,0.95,Sell
1594608998.9144,9279.0,7.0,Sell
1594608998.9144,9279.5,4.301,Sell
1594608998.9144,9279.0,0.001,Sell
1594608998.9144,9279.0,8.81,Sell
1594608998.9144,9279.0,5.3,Sell
1594608998.9144,9279.0,0.001,Sell
1594608998.9144,9279.5,0.05,Sell
1594608998.9144,9279.5,2.264,Sell
1594608998.9144,9279.5,7.0,Sell
1594608998.9144,9279.5,0.001,Sell
1594608998.9144,9279.5,0.001,Sell
1594609021.7346,9277.5,0.001,Buy
1594609023.8167,9277.5,2.264,Buy
1594609023.8167,9277.5,38.167,Buy
1594609023.8167,9277.5,2.264,Buy
1594609031.7668,9277.5,0.001,Sell
1594609109.7917,9279.0,8.0,Buy
1594609109.7917,9280.0,0.001,Buy
1594609109.7917,9280.0,0.001,Buy
1594609109.7917,9280.0,0.047,Buy
1594609109.7917,9279.5,2.5,Buy
1594609109.7917,9279.5,8.3,Buy
1594609109.7917,9279.5,4.39,Buy
1594609109.7917,9279.5,0.001,Buy
1594609109.7917,9279.0,4.15,Buy
1594609109.7917,9279.0,5.59,Buy
1594609109.7917,9280.0,5.59,Buy
1594609109.7917,9279.0,0.001,Buy
1594609109.7917,9279.0,0.001,Buy
1594609109.7917,9278.5,6.0,Buy
1594609109.7917,9278.0,0.5,Buy
1594609109.7917,9278.0,0.001,Buy
1594609109.7917,9280.0,4.15,Buy
1594609109.7917,9280.0,0.001,Buy
1594609109.7917,9280.0,4.7,Buy
1594609109.7917,9280.0,0.005,Buy
1594609117.7234,9280.5,1.227,Buy
1594609123.6463,9280.5,0.43,Buy
1594609146.4788,9281.0,0.001,Buy
1594609146.4788,9280.5,1.2,Buy
1594609146.4788,9280.5,1.5,Buy
1594609146.4788,9281.0,0.05,Buy
1594609146.4788,9281.0,0.001,Buy
1594609146.4788,9281.0,0.5,Buy
1594609146.4788,9281.0,6.0,Buy
1594609146.4788,9280.5,8.0,Buy
1594609146.4788,9281.0,2.5,Buy
1594609146.4788,9280.5,0.05,Buy
1594609146.4788,9281.5,0.001,Buy
1594609146.4788,9281.5,0.001,Buy
1594609146.4788,9281.5,5.3,Buy
1594609146.4788,9281.5,8.85,Buy
1594609146.4788,9281.0,8.3,Buy
1594609146.4788,9280.5,0.05,Buy
1594609146.4788,9280.5,4.15,Buy
1594609146.4788,9280.5,1.782,Buy
1594609146.4788,9280.5,2.263,Buy
1594609146.4788,9280.5,5.59,Buy
1594609146.4788,9280.5,0.001,Buy
1594609146.4788,9280.5,3.966,Buy
1594609146.4788,9280.5,0.108,Buy
1594609146.4788,9280.5,4.398,Buy
1594609146.4788,9280.5,1.0,Buy
1594609146.4788,9280.5,0.189,Buy
1594609146.4788,9280.5,6.343,Buy
1594609189.2397,9282.0,0.5,Buy
1594609189.2397,9282.0,0.817,Buy
1594609189.2397,9282.0,0.05,Buy
1594609189.2397,9282.0,0.1,Buy
1594609189.2397,9282.0,1.0,Buy
1594609189.2397,9282.0,0.001,Buy
1594609189.2397,9282.0,0.002,Buy
1594609189.2397,9282.0,0.001,Buy
1594609189.2397,9282.0,0.015,Buy
1594609189.2397,9282.0,0.001,Buy
1594609189.2397,9282.0,4.15,Buy
1594609189.2397,9282.0,0.001,Buy
1594609189.2397,9282.0,0.001,Buy
1594609189.2397,9282.0,5.59,Buy
1594609189.2397,9282.0,0.001,Buy
1594609189.2397,9282.0,4.658,Buy
1594609189.2397,9282.0,2.264,Buy
1594609189.2397,9282.0,0.249,Buy
1594609189.2397,9282.0,1.0,Buy
1594609189.2397,9282.0,0.05,Buy
1594609189.2397,9282.0,0.001,Buy
1594609189.2397,9282.0,0.001,Buy
1594609189.2397,9282.0,3.785,Buy
1594609203.1267,9282.5,0.001,Buy
1594609210.1613,9282.0,0.001,Sell
1594609211.7362,9282.5,0.015,Buy
1594609211.7362,9282.5,0.005,Buy
1594609211.7362,9282.5,0.002,Buy
1594609211.8395,9283.0,3.0,Buy
1594609211.8395,9283.0,0.001,Buy
1594609211.8395,9283.0,1.65,Buy
1594609211.8395,9283.0,0.5,Buy
1594609211.8395,9283.0,2.5,Buy
1594609211.8395,9283.0,0.264,Buy
1594609211.8395,9283.0,0.032,Buy
1594609211.8395,9283.0,0.001,Buy
1594609211.8395,9283.0,0.001,Buy
1594609211.8395,9283.0,0.001,Buy
1594609211.8395,9283.0,0.05,Buy
1594609212.4843,9283.5,0.001,Buy
1594609212.4843,9283.5,0.001,Buy
1594609212.4843,9283.5,0.098,Buy
1594609212.5842,9283.5,0.001,Buy
1594609212.5842,9283.5,0.01,Buy
1594609212.6843,9284.0,0.05,Buy
1594609212.6843,9284.0,0.001,Buy
1594609212.6843,9284.0,0.001,Buy
1594609212.6843,9284.0,0.001,Buy
1594609212.6843,9284.0,0.001,Buy
1594609212.6843,9284.0,0.02,Buy
1594609212.6843,9284.0,0.003,Buy
1594609212.7842,9284.5,0.005,Buy
1594609212.7842,9284.5,0.094,Buy
1594609212.7842,9284.5,0.001,Buy
1594609212.8843,9284.5,0.1,Buy
1594609212.9842,9284.5,0.1,Buy
1594609213.0854,9284.5,0.076,Buy
1594609213.0854,9284.5,0.009,Buy
1594609213.0854,9284.5,0.009,Buy
1594609213.0854,9284.5,0.005,Buy
1594609213.0854,9284.5,0.001,Buy
1594609213.1842,9284.5,0.001,Buy
1594609213.4842,9285.0,0.001,Buy
1594609213.4842,9285.0,0.001,Buy
1594609213.4842,9285.0,0.05,Buy
1594609213.4842,9285.0,0.048,Buy
1594609213.5843,9285.0,0.1,Buy
1594609213.6842,9285.0,0.048,Buy
1594609213.6842,9285.0,0.052,Buy
1594609213.7842,9285.0,0.1,Buy
1594609213.8842,9285.0,0.1,Buy
1594609213.9842,9285.0,0.1,Buy
1594609214.0843,9285.0,0.1,Buy
1594609214.1847,9285.0,0.1,Buy
1594609214.2844,9285.0,0.1,Buy
1594609253.7764,9286.0,0.001,Buy
1594609253.7764,9286.0,0.001,Buy
1594609253.7764,9286.0,0.001,Buy
1594609253.7764,9286.0,2.263,Buy
1594609253.7764,9286.0,0.1,Buy
1594609253.7764,9286.0,0.168,Buy
1594609253.7764,9286.0,0.242,Buy
1594609253.7764,9286.0,4.216,Buy
1594609253.7764,9286.0,0.05,Buy
1594609262.4687,9285.5,0.001,Sell
1594609264.049,9286.0,0.026,Buy
1594609268.0568,9286.0,0.009,Buy
1594609268.3719,9286.0,0.012,Buy
1594609271.5065,9286.0,0.001,Buy
1594609274.3136,9286.0,0.65,Buy
1594609279.0627,9286.0,0.028,Buy
1594609281.0704,9286.0,0.023,Buy
1594609288.3807,9286.0,0.013,Buy
1594609291.0764,9286.0,0.003,Buy
1594609295.0843,9286.0,0.02,Buy
1594609306.0903,9286.0,0.009,Buy
1594609308.3897,9286.0,0.008,Buy
1594609311.7509,9286.0,0.505,Buy
1594609318.1047,9286.0,0.019,Buy
1594609327.3984,9286.0,0.378,Buy
1594609329.1149,9286.0,0.143,Buy
1594609331.1187,9286.0,0.106,Buy
1594609344.1307,9286.0,0.004,Buy
1594609347.4072,9286.0,0.019,Buy
1594609357.1428,9286.0,0.006,Buy
1594609368.1549,9286.0,0.013,Buy
1594609368.416,9286.0,0.484,Buy
1594609370.1627,9286.0,0.461,Buy
1594609380.1688,9286.0,0.528,Buy
1594609381.2734,9286.0,0.001,Buy
1594609389.4246,9286.0,0.005,Buy
1594609391.305,9285.5,0.001,Sell
1594609393.1849,9286.0,0.949,Buy
1594609405.1983,9286.0,0.029,Buy
1594609409.4333,9286.0,0.965,Buy
1594609418.2103,9286.0,0.024,Buy
1594609428.4834,9286.0,0.039,Buy
1594609429.4422,9286.0,0.281,Buy
1594609429.4422,9286.0,0.11,Buy
1594609431.2239,9286.0,0.908,Buy
1594609435.2315,9286.0,0.373,Buy
1594609441.2726,9285.5,0.001,Sell
1594609442.7198,9285.5,0.001,Sell
1594609447.2395,9286.0,0.005,Buy
1594609447.3048,9286.0,0.001,Buy
1594609447.7539,9286.0,0.001,Buy
1594609450.4512,9286.0,0.264,Buy
1594609460.2533,9286.0,0.513,Buy
1594609469.1566,9286.0,0.125,Buy
1594609471.4599,9286.0,0.741,Buy
1594609473.2655,9286.0,0.924,Buy
1594609486.2777,9286.0,0.014,Buy
1594609562.2261,9286.0,0.001,Buy
1594609570.2591,9285.5,0.001,Sell
1594609621.2449,9286.0,0.001,Buy
1594609621.3205,9286.0,0.001,Buy
1594609629.2797,9285.5,0.001,Sell
1594609629.3507,9285.5,0.001,Sell
1594609782.7605,9285.5,0.048,Sell
1594609782.7605,9285.5,0.001,Sell
1594609782.7605,9285.5,0.001,Sell
1594609789.6687,9285.5,0.022,Sell
1594609801.2999,9286.0,0.001,Buy
1594609808.3336,9285.5,0.001,Sell
1594609886.3843,9285.5,0.1,Sell
1594609886.4841,9285.5,0.005,Sell
1594609886.4841,9285.5,0.001,Sell
1594609886.4841,9285.5,0.001,Sell
1594609886.4841,9285.5,0.009,Sell
1594609886.4841,9285.5,0.001,Sell
1594609886.4841,9285.5,0.044,Sell
1594609886.5843,9285.0,0.001,Sell
1594609886.5843,9285.0,0.099,Sell
1594609886.6842,9285.0,0.1,Sell
1594609886.785,9285.0,0.1,Sell
1594609886.8842,9285.0,0.1,Sell
1594609886.9842,9285.0,0.1,Sell
1594609887.0842,9285.0,0.028,Sell
1594609887.0842,9285.0,0.072,Sell
1594609887.1841,9285.0,0.1,Sell
1594609887.2842,9285.0,0.1,Sell
1594609887.3842,9285.0,0.1,Sell
1594609887.4842,9285.0,0.1,Sell
1594609887.5842,9285.0,0.1,Sell
1594609887.6841,9285.0,0.1,Sell
1594609887.7843,9285.0,0.1,Sell
1594609887.8842,9285.0,0.1,Sell
1594609887.9842,9285.0,0.1,Sell
1594609888.0842,9285.0,0.1,Sell
1594609888.1844,9285.0,0.1,Sell
1594609888.2842,9285.0,0.1,Sell
1594609888.3842,9285.0,0.1,Sell
1594609888.484,9285.0,0.1,Sell
1594609888.5842,9285.0,0.1,Sell
1594609888.6841,9285.0,0.1,Sell
1594609888.7842,9285.0,0.1,Sell
1594609888.8842,9285.0,0.1,Sell
1594609888.9841,9285.0,0.1,Sell
1594609889.0841,9285.0,0.1,Sell
1594609889.1842,9285.0,0.1,Sell
1594609889.2841,9285.0,0.1,Sell
1594609889.3841,9285.0,0.035,Sell
1594609889.3841,9285.0,0.065,Sell
1594609889.4841,9285.0,0.1,Sell
1594609889.5842,9285.0,0.1,Sell
1594609889.6842,9285.0,0.1,Sell
1594609889.7844,9285.0,0.1,Sell
1594609889.8841,9285.0,0.1,Sell
1594609889.9842,9285.0,0.1,Sell
1594609890.0842,9285.0,0.1,Sell
1594609890.1843,9285.0,0.1,Sell
1594609890.2842,9285.0,0.1,Sell
1594609890.3841,9285.0,0.1,Sell
1594609890.4847,9285.0,0.1,Sell
1594609890.5842,9285.0,0.1,Sell
1594609890.6841,9285.0,0.1,Sell
1594609921.641,9285.5,0.001,Buy
1594609921.6723,9285.0,0.001,Sell
1594609922.2908,9285.0,0.001,Sell
1594609927.3216,9285.5,0.001,Buy
1594609930.7083,9285.0,0.001,Buy
1594609931.679,9284.5,0.001,Sell
1594609943.737,9284.5,0.733,Buy
1594609948.669,9284.5,0.009,Buy
1594609955.7508,9284.5,0.001,Buy
1594609967.7657,9284.5,0.927,Buy
1594609968.6777,9284.5,0.001,Buy
1594609978.7775,9284.5,0.012,Buy
1594609980.7891,9284.5,0.006,Buy
1594609988.6869,9284.5,0.921,Buy
1594609990.7932,9284.5,0.028,Buy
1594609991.7971,9284.5,0.354,Buy
1594610001.9861,9284.0,0.001,Sell
1594610001.9861,9284.0,0.008,Sell
1594610001.9861,9284.0,0.001,Sell
1594610004.8109,9284.5,0.025,Buy
1594610007.6953,9284.5,0.021,Buy
1594610019.8246,9284.5,0.008,Buy
1594610022.7509,9284.0,0.001,Sell
1594610022.7509,9284.0,0.02,Sell
1594610022.7509,9283.5,0.001,Sell
1594610022.7509,9283.0,0.001,Sell
1594610022.7509,9283.0,0.277,Sell
1594610041.263,9283.0,0.001,Sell
1594610041.3002,9283.5,0.001,Buy
1594610047.2972,9283.5,0.001,Buy
1594610049.3295,9283.0,0.001,Sell
1594610102.0341,9283.5,0.001,Buy
1594610110.0836,9283.0,0.001,Sell
1594610148.9536,9283.0,0.03,Sell
1594610161.6096,9283.5,0.001,Buy
1594610169.6412,9283.0,0.001,Sell
1594610240.5837,9283.0,0.1,Sell
1594610242.5473,9283.0,0.1,Sell
1594610244.3584,9283.0,0.1,Sell
1594610250.9464,9283.0,0.3,Sell
1594610263.0969,9283.0,0.123,Sell
1594610263.0969,9283.0,0.02,Sell
1594610263.0969,9283.0,0.009,Sell
1594610263.0969,9283.0,0.257,Sell
1594610263.0969,9283.0,0.228,Sell
1594610300.1077,9280.5,5.113,Sell
1594610300.1077,9282.5,0.001,Sell
1594610300.1077,9282.5,2.264,Sell
1594610300.1077,9282.0,0.001,Sell
1594610300.1077,9281.5,0.001,Sell
1594610300.1077,9281.5,0.001,Sell
1594610300.1077,9281.0,0.001,Sell
1594610300.1077,9281.0,0.001,Sell
1594610300.1077,9281.0,0.005,Sell
1594610300.1077,9281.0,4.154,Sell
1594610300.1077,9281.0,9.0,Sell
1594610300.1077,9280.5,0.001,Sell
1594610386.2304,9281.0,0.01,Buy
1594610386.2304,9281.0,0.05,Buy
1594610386.8614,9281.0,0.001,Buy
1594610388.1946,9281.0,0.06,Buy
1594610398.2098,9281.0,0.001,Buy
1594610401.4635,9280.5,0.001,Sell
1594610403.2584,9281.0,0.001,Buy
1594610406.498,9281.0,0.001,Buy
1594610406.8701,9281.0,0.004,Buy
1594610410.2895,9280.5,0.001,Sell
1594610411.2219,9281.0,0.62,Buy
1594610424.2358,9281.0,0.054,Buy
1594610426.8789,9281.0,0.972,Buy
1594610437.248,9281.0,0.768,Buy
1594610446.8877,9281.0,0.715,Buy
1594610450.2601,9281.0,0.464,Buy
1594610461.2723,9281.0,0.025,Buy
1594610461.695,9281.0,0.001,Buy
1594610463.2803,9281.0,0.014,Buy
1594610463.6444,9280.5,0.009,Sell
1594610466.8963,9281.0,0.309,Buy
1594610471.7332,9280.5,0.001,Sell
1594610473.2866,9281.0,0.024,Buy
1594610485.9051,9281.0,0.473,Buy
1594610486.2994,9281.0,0.025,Buy
1594610499.3116,9281.0,0.012,Buy
1594610504.9142,9281.0,0.024,Buy
1594610514.3257,9281.0,0.005,Buy
1594610519.524,9280.5,0.02,Sell
1594610521.48,9281.0,0.001,Buy
1594610524.9229,9281.0,0.011,Buy
1594610525.3357,9281.0,0.015,Buy
1594610527.3395,9281.0,0.13,Buy
1594610529.5182,9280.5,0.001,Sell
1594610531.3472,9281.0,0.011,Buy
1594610542.3532,9281.0,0.59,Buy
1594610545.9316,9281.0,0.249,Buy
1594610545.9316,9281.0,0.017,Buy
1594610555.3633,9281.0,0.008,Buy
1594610556.3671,9281.0,0.27,Buy
1594610566.9402,9281.0,0.434,Buy
1594610567.3789,9281.0,0.012,Buy
1594610579.3922,9281.0,0.601,Buy
1594610581.2874,9281.0,0.001,Buy
1594610581.3535,9280.5,0.001,Sell
1594610587.9487,9281.0,0.595,Buy
1594610589.3186,9280.5,0.001,Sell
1594610590.3832,9281.0,0.001,Buy
1594610593.4058,9281.0,0.913,Buy
1594610604.4178,9281.0,0.871,Buy
1594610608.9572,9281.0,0.427,Buy
1594610641.942,9280.5,0.001,Sell
1594610647.9722,9281.0,0.001,Buy
1594610654.7842,9280.5,0.015,Sell
