1594425602.1074,9278.0,0.002,Buy
1594425602.774,9279.0,0.001,Buy
1594425606.1885,9280.0,0.234,Buy
1594425606.1885,9280.0,0.001,Buy
1594425606.1885,9279.0,0.004,Buy
1594425606.1885,9279.0,0.001,Buy
1594425609.8027,9279.5,0.001,Sell
1594425610.0538,9279.5,0.716,Sell
1594425610.0538,9279.5,0.009,Sell
1594425610.662,9280.0,0.002,Buy
1594425611.8697,9279.5,0.022,Sell
1594425612.2457,9279.5,0.728,Sell
1594425613.6841,9280.0,0.001,Buy
1594425613.6841,9280.0,0.001,Buy
1594425613.6841,9280.0,0.1,Buy
1594425613.6841,9280.0,0.073,Buy
1594425613.6841,9280.0,0.001,Buy
1594425613.6841,9280.0,0.064,Buy
1594425617.8549,9279.5,0.023,Sell
1594425619.0233,9280.0,0.1,Buy
1594425619.7692,9280.0,0.24,Buy
1594425621.0365,9279.5,0.003,Sell
1594425624.8775,9279.5,0.023,Sell
1594425628.8853,9279.5,0.009,Sell
1594425629.8407,9280.0,0.24,Buy
1594425634.9473,9280.0,0.24,Buy
1594425638.8637,9279.5,0.026,Sell
1594425641.8937,9279.5,0.021,Sell
1594425643.901,9279.5,0.009,Sell
1594425650.2535,9280.0,0.24,Buy
1594425654.9087,9279.5,0.02,Sell
1594425658.9163,9279.5,0.012,Sell
1594425659.8725,9279.5,0.018,Sell
1594425659.9842,9280.0,0.1,Buy
1594425662.3887,9279.5,0.001,Sell
1594425662.6205,9279.5,0.001,Sell
1594425663.5262,9280.0,0.001,Buy
1594425663.5262,9280.0,0.001,Buy
1594425663.5262,9280.0,0.015,Buy
1594425663.5262,9280.0,0.002,Buy
1594425663.5262,9280.0,0.023,Buy
1594425663.5262,9280.0,0.005,Buy
1594425663.5262,9280.0,0.016,Buy
1594425663.5262,9280.5,0.001,Buy
1594425663.5262,9280.0,0.001,Buy
1594425663.5262,9281.0,0.161,Buy
1594425663.5262,9280.0,0.009,Buy
1594425663.5262,9280.0,0.005,Buy
1594425670.4216,9281.0,0.001,Buy
1594425671.6488,9281.0,0.001,Buy
1594425677.4358,9281.0,0.24,Buy
1594425677.8433,9281.0,0.618,Buy
1594425678.1158,9281.0,0.378,Buy
1594425679.8185,9281.0,0.1,Buy
1594425682.4332,9281.0,0.016,Buy
1594425685.875,9281.0,0.24,Buy
1594425689.2305,9281.0,1.0,Buy
1594425693.0778,9280.5,0.022,Sell
1594425693.0778,9280.5,0.01,Sell
1594425698.5844,9280.5,1.09,Sell
1594425701.8903,9280.5,0.001,Sell
1594425701.9544,9280.5,0.003,Sell
1594425705.962,9280.5,0.019,Sell
1594425710.973,9281.0,0.24,Buy
1594425718.9695,9280.5,0.005,Sell
1594425720.8987,9280.5,0.821,Sell
1594425720.977,9280.5,0.578,Sell
1594425720.9841,9281.0,0.1,Buy
1594425721.0842,9281.0,0.1,Buy
1594425721.1841,9281.0,0.1,Buy
1594425721.2841,9281.0,0.1,Buy
1594425721.3842,9281.0,0.1,Buy
1594425721.4841,9281.0,0.1,Buy
1594425721.5841,9281.0,0.1,Buy
1594425721.6841,9281.0,0.1,Buy
1594425722.2944,9280.5,0.001,Sell
1594425724.8149,9281.0,0.004,Buy
1594425731.9845,9280.5,0.71,Sell
1594425733.0328,9281.0,4.0,Buy
1594425733.1504,9281.0,2.278,Buy
1594425733.9546,9281.0,0.431,Buy
1594425733.9593,9281.0,0.569,Buy
1594425734.0777,9281.0,0.24,Buy
1594425734.3293,9281.0,0.001,Buy
1594425735.3592,9281.0,1.7,Buy
1594425735.4248,9281.0,3.0,Buy
1594425735.9918,9280.5,0.495,Sell
1594425736.1555,9281.0,2.278,Buy
1594425736.9763,9281.0,2.278,Buy
1594425737.063,9281.0,0.3,Buy
1594425739.907,9280.5,0.559,Sell
1594425739.9842,9281.0,0.1,Buy
1594425740.0842,9281.0,0.1,Buy
1594425740.1843,9281.0,0.1,Buy
1594425740.2841,9281.0,0.1,Buy
1594425740.3843,9281.0,0.1,Buy
1594425744.5164,9280.5,0.1,Sell
1594425748.9992,9280.5,0.503,Sell
1594425749.9521,9281.0,0.109,Buy
1594425751.0072,9280.5,0.28,Sell
1594425751.0072,9280.5,0.393,Sell
1594425756.6742,9281.0,0.5,Buy
1594425758.9156,9280.5,0.483,Sell
1594425758.9842,9281.0,0.1,Buy
1594425759.0842,9281.0,0.1,Buy
1594425759.1842,9281.0,0.1,Buy
1594425759.2841,9281.0,0.1,Buy
1594425759.3842,9281.0,0.1,Buy
1594425760.6705,9280.5,0.01,Sell
1594425762.015,9280.5,0.011,Sell
1594425764.0225,9280.5,0.272,Sell
1594425764.9891,9281.0,0.01,Buy
1594425770.3859,9280.5,0.01,Sell
1594425775.0303,9280.5,0.816,Sell
1594425777.0395,9280.5,0.514,Sell
1594425779.8352,9281.0,0.3,Buy
1594425779.9242,9280.5,0.311,Sell
1594425779.9844,9281.0,0.1,Buy
1594425780.0842,9281.0,0.1,Buy
1594425780.1841,9281.0,0.1,Buy
1594425781.9956,9281.0,0.001,Buy
1594425788.0473,9280.5,0.594,Sell
1594425790.5269,9280.5,1.678,Sell
1594425792.0549,9280.5,0.45,Sell
1594425795.6289,9280.5,0.001,Sell
1594425795.7011,9281.0,5.0,Buy
1594425798.9333,9280.5,0.021,Sell
1594425798.9842,9281.0,0.1,Buy
1594425800.3092,9281.0,2.017,Buy
1594425805.0627,9280.5,0.019,Sell
1594425807.0701,9280.5,0.822,Sell
1594425810.5647,9281.0,0.5,Buy
1594425817.9421,9280.5,0.001,Sell
1594425818.0776,9280.5,0.003,Sell
1594425821.807,9281.0,0.013,Buy
1594425822.0851,9280.5,0.01,Sell
1594425830.551,9280.5,0.013,Sell
1594425835.0925,9280.5,0.869,Sell
1594425837.1,9280.5,0.817,Sell
1594425838.9507,9280.5,0.723,Sell
1594425848.1076,9280.5,0.082,Sell
1594425854.4251,9281.0,0.009,Buy
1594425860.404,9280.5,1.071,Sell
1594425860.404,9280.5,0.001,Sell
1594425860.404,9280.5,0.401,Sell
1594425865.1225,9280.5,0.508,Sell
1594425865.1225,9280.5,0.041,Sell
1594425867.1301,9280.5,0.502,Sell
1594425878.1383,9280.5,0.417,Sell
1594425878.1383,9280.5,0.079,Sell
1594425878.9681,9280.5,0.016,Sell
1594425880.1458,9280.5,0.012,Sell
1594425889.1829,9281.0,0.012,Buy
1594425891.1535,9280.5,0.026,Sell
1594425895.1612,9280.5,0.01,Sell
1594425897.9767,9280.5,0.021,Sell
1594425908.1686,9280.5,0.493,Sell
1594425911.3496,9281.0,0.001,Buy
1594425912.1761,9280.5,0.029,Sell
1594425916.9858,9280.5,0.01,Sell
1594425920.2833,9281.0,0.041,Buy
1594425924.1357,9280.5,0.51,Sell
1594425924.1357,9280.5,1.882,Sell
1594425924.1357,9280.5,0.446,Sell
1594425924.1357,9280.5,1.162,Sell
1594425925.9851,9280.5,0.001,Sell
1594425925.9851,9280.5,0.001,Sell
1594425925.9851,9280.5,0.005,Sell
1594425927.5636,9280.0,0.009,Sell
1594425927.5636,9280.0,0.015,Sell
1594425927.5636,9280.0,0.002,Sell
1594425927.5636,9280.0,0.001,Sell
1594425929.2114,9279.5,0.001,Sell
1594425931.1754,9279.0,0.001,Sell
1594425931.1754,9279.0,0.002,Sell
1594425932.721,9278.5,0.005,Sell
1594425932.721,9278.5,0.67,Sell
1594425932.721,9278.5,0.95,Sell
1594425932.721,9278.5,1.374,Sell
1594425932.721,9278.5,0.001,Sell
1594425934.3458,9277.0,0.001,Sell
1594425934.3458,9276.5,0.001,Sell
1594425934.3458,9277.0,0.002,Sell
1594425934.3458,9277.5,0.016,Sell
1594425934.3458,9277.5,0.001,Sell
1594425934.3458,9278.0,0.001,Sell
1594425934.3458,9278.0,0.002,Sell
1594425934.3458,9276.5,0.005,Sell
1594425934.3458,9278.0,0.001,Sell
1594425934.3458,9276.5,1.97,Sell
1594425935.3049,9276.5,0.68,Sell
1594425935.3049,9276.5,1.22,Sell
1594425935.3049,9276.5,0.6,Sell
1594425937.9943,9276.5,0.057,Sell
1594425938.1988,9276.5,0.026,Sell
1594425938.6822,9276.5,0.1,Sell
1594425942.2065,9276.5,0.006,Sell
1594425943.0095,9276.5,1.997,Sell
1594425943.0095,9276.5,0.281,Sell
1594425943.0528,9276.5,1.023,Sell
1594425943.0528,9276.5,1.255,Sell
1594425951.0722,9276.5,0.005,Sell
1594425951.0722,9276.5,0.001,Sell
1594425955.0225,9276.0,0.002,Sell
1594425955.0225,9276.0,0.002,Sell
1594425955.0225,9276.0,0.001,Sell
1594425958.6695,9275.5,0.001,Sell
1594425960.4132,9275.0,0.001,Sell
1594425960.4132,9275.0,0.002,Sell
1594425960.4132,9275.0,0.001,Sell
1594425960.4132,9275.0,0.108,Sell
1594425960.4132,9275.0,0.001,Sell
1594425960.4411,9274.5,0.67,Sell
1594425960.4411,9274.5,0.95,Sell
1594425960.4411,9274.5,0.651,Sell
1594425960.4411,9274.5,0.001,Sell
1594425960.4411,9274.5,0.001,Sell
1594425960.4411,9274.5,0.005,Sell
1594425961.3928,9274.5,0.001,Buy
1594425967.7502,9274.0,0.001,Sell
1594425967.7502,9274.0,0.005,Sell
1594425967.7502,9274.0,0.992,Sell
1594425967.7502,9274.0,0.002,Sell
1594425967.7557,9274.0,0.002,Sell
1594425968.2294,9274.0,0.248,Sell
1594425969.4244,9274.0,0.001,Sell
1594426008.4623,9273.5,0.001,Sell
1594426008.4623,9273.5,0.009,Sell
1594426008.4623,9273.5,0.003,Sell
1594426008.4623,9273.5,0.004,Sell
1594426008.4623,9273.5,0.006,Sell
1594426008.4623,9273.0,0.001,Sell
1594426008.4623,9273.5,0.001,Sell
1594426008.4623,9273.0,0.092,Sell
1594426008.4623,9273.0,0.044,Sell
1594426008.4623,9273.0,0.002,Sell
1594426008.4623,9273.0,0.002,Sell
1594426021.2421,9273.5,0.001,Buy
1594426021.4819,9273.5,0.001,Buy
1594426029.2721,9273.0,0.001,Sell
1594426029.5114,9273.0,0.001,Sell
1594426051.6841,9273.5,0.13,Buy
1594426051.7842,9273.5,0.1,Buy
1594426051.8842,9273.5,0.054,Buy
1594426051.8842,9273.5,0.046,Buy
1594426051.9842,9273.5,0.1,Buy
1594426052.0842,9273.5,0.002,Buy
1594426052.0842,9273.5,0.009,Buy
1594426052.1841,9274.0,0.1,Buy
1594426052.2841,9274.0,0.03,Buy
1594426052.2841,9274.0,0.07,Buy
1594426052.3841,9274.0,0.1,Buy
1594426054.0459,9273.5,0.016,Sell
1594426054.0841,9274.0,0.1,Buy
1594426062.3245,9273.5,0.812,Sell
1594426062.5356,9274.0,0.24,Buy
1594426066.332,9273.5,0.418,Sell
1594426073.0552,9273.5,0.066,Sell
1594426076.3967,9273.5,0.015,Sell
1594426078.7578,9274.0,0.24,Buy
1594426079.3398,9273.5,0.614,Sell
1594426083.3474,9273.5,0.493,Sell
1594426094.0638,9273.5,0.001,Sell
1594426096.3553,9273.5,0.011,Sell
1594426097.9742,9273.5,0.117,Sell
1594426098.3628,9273.5,0.287,Sell
1594426109.3704,9273.5,0.016,Sell
1594426113.0731,9273.5,0.058,Sell
1594426113.3783,9273.5,0.014,Sell
1594426119.4283,9273.5,0.07,Sell
1594426126.3861,9273.5,0.026,Sell
1594426127.3162,9274.0,0.001,Buy
1594426128.3934,9273.5,0.005,Sell
1594426132.0817,9273.5,0.824,Sell
1594426137.2432,9273.5,0.2,Sell
1594426137.2432,9273.5,0.001,Sell
1594426137.2432,9273.5,0.001,Sell
1594426137.2432,9273.5,0.001,Sell
1594426137.8488,9273.0,0.015,Sell
1594426137.8488,9273.0,0.213,Sell
1594426137.8488,9273.0,0.002,Sell
1594426137.8488,9272.5,0.001,Sell
1594426137.8488,9272.5,0.168,Sell
1594426137.8488,9273.0,0.001,Sell
1594426139.0214,9272.5,0.012,Sell
1594426141.2123,9272.5,0.001,Sell
1594426142.0648,9272.5,0.001,Sell
1594426142.0648,9272.5,0.001,Sell
1594426142.0648,9272.5,0.001,Sell
1594426142.0648,9272.5,0.5,Sell
1594426142.0648,9272.5,0.009,Sell
1594426142.0648,9272.5,0.022,Sell
1594426144.8955,9272.0,0.001,Sell
1594426144.8955,9272.0,0.001,Sell
1594426144.8955,9272.0,0.002,Sell
1594426144.8955,9272.0,0.001,Sell
1594426144.8955,9272.0,0.001,Sell
1594426147.7868,9271.0,0.001,Sell
1594426147.7868,9271.5,0.002,Sell
1594426147.7868,9271.5,0.002,Sell
1594426147.7868,9271.5,0.005,Sell
1594426147.7868,9271.5,0.001,Sell
1594426147.7868,9270.5,0.001,Sell
1594426147.7868,9271.0,0.001,Sell
1594426147.7868,9270.0,0.102,Sell
1594426147.7868,9270.0,0.003,Sell
1594426147.7868,9270.0,0.001,Sell
1594426147.7868,9270.0,0.001,Sell
1594426147.7868,9271.0,0.002,Sell
1594426147.7868,9271.0,0.003,Sell
1594426147.7928,9270.0,0.001,Sell
1594426147.7928,9270.0,0.024,Sell
1594426149.2421,9270.5,0.001,Buy
1594426175.6841,9270.5,0.009,Buy
1594426175.6841,9270.5,0.091,Buy
1594426175.7842,9270.5,0.1,Buy
1594426175.8842,9270.5,0.1,Buy
1594426175.9842,9270.5,0.003,Buy
1594426176.0842,9271.0,0.001,Buy
1594426176.0842,9271.0,0.002,Buy
1594426176.0842,9271.0,0.001,Buy
1594426176.6842,9272.0,0.046,Buy
1594426176.6842,9272.0,0.05,Buy
1594426176.6842,9272.0,0.002,Buy
1594426176.6842,9272.0,0.001,Buy
1594426176.6842,9272.0,0.001,Buy
1594426176.7842,9272.0,0.001,Buy
1594426176.7842,9272.0,0.009,Buy
1594426176.7842,9272.0,0.004,Buy
1594426176.7842,9272.0,0.001,Buy
1594426176.7842,9272.0,0.001,Buy
1594426176.7842,9272.0,0.015,Buy
1594426176.8841,9272.5,0.005,Buy
1594426176.9841,9273.0,0.001,Buy
1594426176.9841,9273.0,0.001,Buy
1594426176.9841,9273.0,0.002,Buy
1594426176.9841,9273.0,0.095,Buy
1594426176.9841,9273.0,0.001,Buy
1594426177.0843,9273.0,0.1,Buy
1594426177.1841,9273.0,0.1,Buy
1594426177.2842,9273.0,0.1,Buy
1594426177.3842,9273.0,0.1,Buy
1594426201.5052,9274.0,0.001,Buy
1594426202.4656,9273.5,0.001,Sell
1594426208.534,9273.5,0.001,Sell
1594426214.507,9274.0,0.001,Buy
1594426230.94,9273.0,0.293,Sell
1594426230.94,9273.5,0.001,Sell
1594426230.94,9273.5,0.291,Sell
1594426230.94,9273.5,0.065,Sell
1594426281.9901,9273.0,0.2,Sell
1594426290.6048,9273.5,0.01,Buy
1594426293.6438,9273.0,0.009,Sell
1594426293.6438,9273.0,0.001,Sell
1594426296.8758,9273.0,0.01,Sell
1594426298.4813,9273.5,0.01,Buy
1594426299.7991,9273.0,0.01,Sell
1594426301.4868,9273.5,0.01,Buy
1594426303.5086,9273.0,0.01,Sell
1594426304.4704,9273.5,0.01,Buy
1594426321.275,9272.5,0.001,Sell
1594426321.4665,9273.0,0.001,Buy
1594426322.0868,9272.5,0.001,Sell
1594426323.5842,9272.5,0.124,Sell
1594426324.1672,9272.5,0.116,Sell
1594426326.305,9273.0,0.001,Buy
1594426331.1171,9273.0,0.001,Buy
1594426331.4166,9272.0,0.052,Sell
1594426331.4166,9272.0,0.001,Sell
1594426331.4166,9272.5,0.001,Sell
1594426331.4166,9272.5,0.026,Sell
1594426331.4166,9272.5,0.001,Sell
1594426331.4166,9272.5,0.009,Sell
1594426331.4166,9272.5,0.01,Sell
1594426331.4956,9272.0,0.001,Sell
1594426332.9855,9272.0,0.1,Sell
1594426334.2937,9272.0,0.1,Sell
1594426335.2749,9272.0,0.002,Sell
1594426335.2749,9271.5,0.001,Sell
1594426335.2749,9271.5,0.327,Sell
1594426335.2749,9271.5,0.67,Sell
1594426335.5868,9271.5,0.1,Sell
1594426340.599,9271.5,0.275,Sell
1594426343.1758,9271.5,0.019,Sell
1594426344.6064,9271.5,0.016,Sell
1594426368.6244,9271.5,0.108,Sell
1594426368.6244,9271.5,0.001,Sell
1594426373.2391,9271.0,0.001,Sell
1594426381.8711,9271.0,0.009,Sell
1594426381.8711,9271.0,0.002,Sell
1594426406.7187,9270.5,0.001,Sell
1594426406.7187,9270.5,0.015,Sell
1594426406.7187,9270.5,0.001,Sell
1594426406.7187,9270.5,0.001,Sell
1594426406.7187,9270.5,0.001,Sell
1594426410.3002,9270.0,0.054,Sell
1594426410.3002,9270.0,0.032,Sell
1594426410.3002,9270.0,0.001,Sell
1594426410.3002,9270.0,0.002,Sell
1594426410.3053,9269.5,0.001,Sell
1594426410.3053,9269.5,0.003,Sell
1594426410.3053,9269.5,0.001,Sell
1594426410.3053,9269.5,0.005,Sell
1594426410.3053,9269.5,0.09,Sell
1594426414.4374,9268.5,0.001,Sell
1594426414.4374,9269.0,0.002,Sell
1594426414.4374,9269.0,0.002,Sell
1594426414.4374,9269.0,0.081,Sell
1594426414.4374,9268.5,0.012,Sell
1594426414.4374,9269.0,0.001,Sell
1594426414.4374,9269.0,0.001,Sell
1594426414.4435,9268.5,0.658,Sell
1594426414.4435,9268.5,0.142,Sell
1594426414.444,9268.5,0.017,Sell
1594426426.9865,9268.5,0.006,Sell
1594426426.9865,9268.5,0.001,Sell
1594426427.9431,9268.0,0.001,Sell
1594426427.9431,9267.5,0.073,Sell
1594426427.9431,9267.5,0.001,Sell
1594426427.9431,9268.0,0.002,Sell
1594426427.9431,9268.0,0.022,Sell
1594426427.9431,9268.0,0.001,Sell
1594426441.2399,9267.0,0.001,Sell
1594426441.4258,9267.5,0.001,Buy
1594426447.2715,9267.0,0.001,Buy
1594426448.5464,9266.5,0.198,Sell
1594426448.5464,9266.5,0.005,Sell
1594426448.5464,9266.5,0.001,Sell
1594426448.5464,9266.5,0.001,Sell
1594426449.4546,9266.5,0.001,Sell
1594426452.7603,9267.0,0.24,Buy
1594426456.7225,9266.5,0.001,Sell
1594426458.73,9266.5,0.018,Sell
1594426461.2264,9266.5,0.221,Sell
1594426469.7383,9266.5,0.003,Sell
1594426471.7457,9266.5,0.051,Sell
1594426480.2349,9266.5,0.407,Sell
1594426480.2349,9266.5,0.177,Sell
1594426482.7533,9266.5,0.421,Sell
1594426482.7533,9266.5,0.543,Sell
1594426486.761,9266.5,0.01,Sell
1594426499.7687,9266.5,0.013,Sell
1594426501.2187,9267.0,0.001,Buy
1594426501.2434,9266.5,0.028,Sell
1594426501.777,9266.5,0.035,Sell
1594426508.784,9267.0,0.15,Buy
1594426508.8842,9267.0,0.1,Buy
1594426508.9841,9267.0,0.098,Buy
1594426508.9841,9267.0,0.001,Buy
1594426508.9841,9267.0,0.001,Buy
1594426509.0842,9267.0,0.15,Buy
1594426509.1841,9267.0,0.15,Buy
1594426509.25,9266.5,0.001,Sell
1594426509.2843,9267.0,0.15,Buy
1594426509.3842,9267.0,0.1,Buy
1594426512.7848,9266.5,0.008,Sell
1594426514.0539,9266.5,0.01,Sell
1594426516.792,9266.5,0.001,Sell
1594426522.252,9266.5,0.029,Sell
1594426522.2844,9267.0,0.1,Buy
1594426523.6864,9267.0,0.05,Buy
1594426529.7995,9266.5,0.781,Sell
1594426533.8071,9266.5,0.818,Sell
1594426541.2605,9266.5,0.024,Sell
1594426546.8155,9266.5,0.857,Sell
1594426547.986,9266.5,1.5,Sell
1594426561.6881,9267.0,0.001,Buy
1594426569.7174,9266.5,0.001,Sell
1594426572.141,9266.5,0.013,Sell
1594426581.7838,9266.5,0.132,Sell
1594426593.105,9266.5,1.854,Sell
1594426593.105,9266.5,0.598,Sell
1594426605.147,9266.5,0.2,Sell
1594426619.3232,9267.0,0.005,Buy
1594426622.1043,9266.5,0.001,Sell
1594426630.1338,9267.0,0.001,Buy
1594426632.6295,9267.0,0.013,Buy
1594426676.3788,9266.5,0.02,Sell
1594426682.5696,9266.5,0.001,Sell
1594426694.6007,9267.0,0.001,Buy
1594426736.094,9266.5,0.32,Sell
1594426736.094,9266.5,0.18,Sell
1594426801.3083,9267.0,0.001,Buy
1594426801.4883,9266.5,0.001,Sell
1594426806.5236,9267.0,0.001,Buy
1594426808.3402,9266.5,0.001,Sell
1594426861.3188,9267.0,0.001,Buy
1594426871.3809,9266.5,0.001,Sell
1594426914.1666,9266.5,0.036,Sell
1594426921.8885,9267.0,0.001,Buy
1594426929.9169,9266.5,0.001,Sell
1594426961.9445,9266.5,0.134,Sell
1594426961.9445,9266.5,0.366,Sell
1594426962.2307,9266.5,0.029,Sell
1594426972.1819,9266.5,0.1,Sell
1594426972.1819,9266.5,0.001,Sell
1594426972.1819,9266.0,0.001,Sell
1594426972.1819,9266.0,0.001,Sell
1594426972.1819,9266.0,0.002,Sell
1594426972.1819,9266.0,1.911,Sell
1594426972.1819,9266.5,0.001,Sell
1594426981.333,9266.5,0.001,Buy
1594426981.5115,9266.0,0.001,Sell
1594426989.3646,9266.0,0.001,Sell
1594426990.5424,9266.5,0.001,Buy
1594427040.0269,9265.5,0.95,Sell
1594427040.0269,9265.5,0.67,Sell
1594427040.0269,9265.5,0.001,Sell
1594427040.0269,9265.5,0.006,Sell
1594427040.0269,9266.0,0.002,Sell
1594427040.0269,9266.0,0.001,Sell
1594427040.0269,9266.0,0.001,Sell
1594427040.0269,9266.0,0.098,Sell
1594427040.0269,9266.0,0.048,Sell
1594427040.0269,9265.5,0.153,Sell
1594427041.4138,9265.0,0.001,Sell
1594427041.4193,9265.0,0.001,Sell
1594427041.4193,9265.0,0.002,Sell
1594427041.4193,9265.0,0.037,Sell
1594427041.4193,9265.0,0.001,Sell
1594427047.447,9265.5,0.001,Buy
1594427060.8361,9265.0,0.063,Sell
1594427060.8361,9265.0,0.006,Sell
1594427060.8361,9265.0,0.002,Sell
1594427060.8361,9264.5,0.242,Sell
1594427060.8361,9264.5,0.186,Sell
1594427060.8361,9264.5,0.001,Sell
1594427065.4863,9264.5,0.017,Sell
1594427069.3295,9264.5,0.703,Sell
1594427073.3373,9264.5,0.026,Sell
1594427077.2506,9265.0,0.24,Buy
1594427084.4949,9264.5,0.011,Sell
1594427084.965,9265.0,0.24,Buy
1594427086.345,9264.5,0.004,Sell
1594427088.3526,9264.5,0.003,Sell
1594427099.3604,9264.5,0.028,Sell
1594427101.4208,9265.0,0.001,Buy
1594427102.1256,9264.5,0.001,Sell
1594427103.368,9264.5,0.029,Sell
1594427103.5034,9264.5,0.016,Sell
1594427103.8803,9265.0,0.03,Buy
1594427109.4499,9264.5,0.001,Sell
1594427110.1557,9265.0,0.001,Buy
1594427116.3756,9264.5,0.008,Sell
1594427120.3833,9264.5,0.018,Sell
1594427122.5119,9264.5,0.029,Sell
1594427133.3907,9264.5,0.26,Sell
1594427135.3985,9264.5,0.01,Sell
1594427141.5205,9264.5,0.578,Sell
1594427146.406,9264.5,0.006,Sell
1594427150.4136,9264.5,0.01,Sell
1594427161.6533,9264.5,0.001,Sell
1594427162.5292,9264.5,0.878,Sell
1594427163.4213,9264.5,0.797,Sell
1594427167.4287,9264.5,0.883,Sell
1594427173.6829,9265.0,0.001,Buy
1594427178.0903,9264.5,0.081,Sell
1594427180.4362,9264.5,0.539,Sell
1594427181.5376,9264.5,0.023,Sell
1594427182.4436,9264.5,0.015,Sell
1594427193.4513,9264.5,0.159,Sell
1594427193.4513,9264.5,0.698,Sell
1594427195.459,9264.5,0.503,Sell
1594427200.5462,9264.5,0.792,Sell
1594427206.4664,9264.5,0.214,Sell
1594427210.4738,9264.5,0.017,Sell
1594427221.5551,9264.5,0.024,Sell
1594427223.1658,9265.0,0.5,Buy
1594427223.4813,9264.5,0.014,Sell
1594427225.4888,9264.5,0.708,Sell
1594427230.0995,9265.0,0.1,Buy
1594427236.4962,9264.5,0.014,Sell
1594427240.5038,9264.5,0.017,Sell
1594427242.5637,9264.5,0.32,Sell
1594427253.5115,9264.5,0.345,Sell
1594427257.5188,9264.5,0.009,Sell
1594427261.5723,9264.5,0.041,Sell
1594427261.7795,9265.0,0.7,Buy
1594427270.5266,9264.5,0.025,Sell
1594427272.5342,9264.5,0.401,Sell
1594427278.172,9264.5,1.201,Sell
1594427281.3595,9264.5,0.001,Sell
1594427282.5809,9264.5,0.15,Sell
1594427283.5417,9264.5,0.006,Sell
1594427285.5492,9264.5,0.029,Sell
1594427286.3902,9265.0,0.001,Buy
1594427296.5567,9264.5,0.019,Sell
1594427300.5643,9264.5,0.64,Sell
1594427303.5892,9264.5,0.022,Sell
1594427313.5727,9264.5,0.003,Sell
1594427315.5803,9264.5,0.477,Sell
1594427322.5974,9264.5,0.001,Sell
1594427324.8997,9264.5,0.015,Sell
1594427326.5879,9264.5,0.02,Sell
1594427330.5955,9264.5,0.007,Sell
1594427341.6059,9264.5,0.008,Sell
1594427343.6029,9264.5,0.158,Sell
1594427347.6104,9264.5,0.016,Sell
1594427360.618,9264.5,0.024,Sell
1594427362.6144,9264.5,0.001,Sell
1594427364.6253,9264.5,0.027,Sell
1594427377.633,9264.5,0.016,Sell
1594427379.6404,9264.5,0.028,Sell
1594427383.6231,9264.5,0.286,Sell
1594427390.6481,9264.5,0.123,Sell
1594427401.3925,9265.0,0.001,Buy
1594427402.4302,9265.0,0.001,Buy
1594427402.8514,9265.0,0.001,Buy
1594427405.2061,9264.5,0.001,Sell
1594427405.2061,9264.5,0.746,Sell
1594427408.4238,9264.5,0.001,Sell
1594427410.8871,9264.5,0.001,Sell
1594427412.4704,9264.5,0.001,Sell
1594427421.984,9265.0,0.1,Buy
1594427422.0843,9265.0,0.1,Buy
1594427422.1843,9265.0,0.025,Buy
1594427422.1843,9265.0,0.075,Buy
1594427422.2842,9265.0,0.1,Buy
1594427422.3842,9265.0,0.075,Buy
1594427422.3842,9265.0,0.001,Buy
1594427422.3842,9265.0,0.024,Buy
1594427422.4842,9265.0,0.1,Buy
1594427422.5841,9265.0,0.1,Buy
1594427422.6841,9265.0,0.1,Buy
1594427422.7841,9265.0,0.1,Buy
1594427422.8842,9265.0,0.1,Buy
1594427422.9843,9265.0,0.1,Buy
1594427423.0845,9265.0,0.1,Buy
1594427423.1841,9265.0,0.1,Buy
1594427423.2841,9265.0,0.1,Buy
1594427423.3841,9265.0,0.1,Buy
1594427423.484,9265.0,0.1,Buy
1594427423.5842,9265.0,0.1,Buy
1594427423.6842,9265.0,0.1,Buy
1594427423.7841,9265.0,0.1,Buy
1594427423.8841,9265.0,0.1,Buy
1594427423.9843,9265.0,0.1,Buy
1594427424.0843,9265.0,0.1,Buy
1594427424.1842,9265.0,0.1,Buy
1594427424.2841,9265.0,0.1,Buy
1594427424.3843,9265.0,0.1,Buy
1594427424.4841,9265.0,0.1,Buy
1594427424.5841,9265.0,0.1,Buy
1594427424.6839,9265.0,0.1,Buy
1594427424.7842,9265.0,0.1,Buy
1594427424.8841,9265.0,0.1,Buy
1594427424.9842,9265.0,0.1,Buy
1594427425.0844,9265.0,0.1,Buy
1594427461.3172,9265.0,0.001,Buy
1594427469.3462,9264.5,0.001,Sell
1594427474.4381,9264.5,0.093,Sell
1594427501.6978,9265.0,0.24,Buy
1594427506.0845,9265.0,0.24,Buy
1594427532.5829,9264.5,0.1,Sell
1594427535.7979,9265.0,0.24,Buy
1594427564.6764,9265.0,0.066,Buy
1594427574.8017,9265.0,0.24,Buy
1594427581.6594,9264.5,0.001,Sell
1594427584.8662,9265.0,0.24,Buy
1594427589.2298,9265.0,3.0,Buy
1594427589.6884,9265.0,0.001,Buy
1594427611.39,9265.0,4.0,Buy
1594427618.2105,9265.0,0.3,Buy
1594427618.2218,9265.0,2.4,Buy
1594427618.4048,9265.0,2.278,Buy
1594427618.4146,9265.0,2.16,Buy
1594427618.4641,9265.0,2.278,Buy
1594427618.4908,9265.0,3.0,Buy
1594427618.4999,9265.0,0.161,Buy
1594427618.4999,9265.0,0.15,Buy
1594427618.4999,9265.0,0.001,Buy
1594427618.4999,9265.0,0.019,Buy
1594427618.4999,9265.0,0.002,Buy
1594427618.4999,9265.0,0.002,Buy
1594427618.4999,9265.0,0.1,Buy
1594427618.6198,9265.5,0.003,Buy
1594427618.6255,9266.0,0.001,Buy
1594427618.6809,9267.0,0.001,Buy
1594427618.6809,9267.0,0.001,Buy
1594427618.6809,9267.0,0.005,Buy
1594427618.6809,9266.5,0.746,Buy
1594427618.6809,9266.0,0.002,Buy
1594427618.6809,9266.0,0.001,Buy
1594427618.6809,9267.0,0.001,Buy
1594427618.6809,9267.0,0.001,Buy
1594427618.6809,9267.0,0.002,Buy
1594427618.6809,9267.0,0.001,Buy
1594427618.7002,9267.5,0.15,Buy
1594427618.8685,9267.5,0.467,Sell
1594427620.1058,9268.0,0.001,Buy
1594427620.1058,9268.0,0.001,Buy
1594427620.1058,9268.0,0.15,Buy
1594427620.1058,9268.0,0.088,Buy
1594427620.9773,9267.5,0.024,Sell
1594427623.7306,9267.5,0.602,Sell
1594427623.7842,9268.0,0.062,Buy
1594427623.7842,9268.0,0.002,Buy
1594427623.7842,9268.0,0.001,Buy
1594427623.8842,9269.0,0.002,Buy
1594427623.8842,9269.0,0.005,Buy
1594427623.8842,9269.0,0.001,Buy
1594427623.8842,9269.0,0.001,Buy
1594427623.8842,9269.0,0.001,Buy
1594427623.9842,9270.0,0.001,Buy
1594427623.9842,9270.0,0.001,Buy
1594427623.9842,9270.0,0.097,Buy
1594427623.9842,9270.0,0.001,Buy
1594427624.0842,9270.0,0.1,Buy
1594427624.1842,9270.0,0.1,Buy
1594427624.2841,9270.0,0.1,Buy
1594427624.3842,9270.0,0.1,Buy
1594427629.8761,9269.5,0.002,Sell
1594427633.8837,9269.5,0.663,Sell
1594427641.3337,9269.5,0.001,Sell
1594427641.6392,9269.5,0.001,Sell
1594427641.7553,9270.0,0.001,Buy
1594427641.9411,9269.5,0.001,Sell
1594427644.7391,9269.5,0.487,Sell
1594427644.7842,9270.0,0.1,Buy
1594427644.8842,9270.0,0.1,Buy
1594427644.9842,9270.0,0.1,Buy
1594427645.0841,9270.0,0.1,Buy
1594427645.1841,9270.0,0.1,Buy
1594427645.2842,9270.0,0.002,Buy
1594427645.2842,9270.0,0.001,Buy
1594427645.2842,9270.0,0.001,Buy
1594427645.2842,9270.0,0.005,Buy
1594427645.2842,9270.0,0.002,Buy
1594427646.8912,9270.5,0.569,Sell
1594427647.3647,9271.0,0.001,Buy
1594427648.8157,9272.0,0.001,Buy
1594427648.8157,9272.0,0.001,Buy
1594427648.8157,9273.0,0.002,Buy
1594427648.8157,9272.0,0.002,Buy
1594427648.8157,9273.0,0.001,Buy
1594427648.8157,9273.0,0.001,Buy
1594427648.8157,9273.0,0.001,Buy
1594427648.8157,9273.0,0.005,Buy
1594427648.8157,9273.0,0.002,Buy
1594427648.8157,9273.5,0.006,Buy
1594427648.8157,9273.5,0.687,Buy
1594427648.8157,9272.0,0.001,Buy
1594427648.8157,9271.5,0.2,Buy
1594427648.8157,9272.0,0.001,Buy
1594427648.8157,9271.0,0.008,Buy
1594427648.8157,9271.0,0.002,Buy
1594427648.8157,9271.0,0.005,Buy
1594427648.8157,9271.0,0.001,Buy
1594427648.8157,9271.0,0.005,Buy
1594427648.8223,9273.5,1.0,Buy
1594427648.8985,9273.5,0.439,Sell
1594427649.7844,9273.5,0.001,Sell
1594427650.1216,9274.0,0.493,Buy
1594427650.1216,9274.0,0.002,Buy
1594427650.1216,9274.0,0.002,Buy
1594427650.1216,9274.0,0.001,Buy
1594427650.1216,9274.0,0.001,Buy
1594427650.1216,9274.0,0.001,Buy
1594427650.6684,9274.0,0.001,Buy
1594427653.981,9274.0,0.001,Buy
1594427657.5847,9274.0,0.009,Buy
1594427657.5847,9275.0,0.012,Buy
1594427657.5847,9275.0,0.001,Buy
1594427657.5847,9275.0,0.001,Buy
1594427657.5847,9274.0,0.081,Buy
1594427657.5847,9274.0,0.001,Buy
1594427657.5847,9274.0,0.054,Buy
1594427657.5847,9274.0,0.001,Buy
1594427657.5847,9275.0,0.064,Buy
1594427657.5847,9274.0,0.001,Buy
1594427657.5847,9274.0,0.015,Buy
1594427659.3915,9275.0,0.24,Buy
1594427705.6913,9275.0,0.002,Buy
1594427730.6269,9275.0,0.012,Buy
1594427746.506,9274.5,0.01,Sell
1594427746.506,9274.5,0.09,Sell
1594427753.9965,9274.5,0.077,Sell
1594427758.0044,9274.5,0.008,Sell
1594427762.0514,9274.5,0.001,Sell
1594427762.7926,9274.5,0.303,Sell
1594427767.0837,9275.0,0.001,Buy
1594427771.0123,9274.5,0.027,Sell
1594427775.0201,9274.5,0.006,Sell
1594427783.8012,9274.5,0.003,Sell
1594427788.0278,9274.5,0.005,Sell
1594427792.036,9274.5,0.021,Sell
1594427804.8107,9274.5,0.022,Sell
1594427805.0439,9274.5,0.013,Sell
1594427807.0515,9274.5,0.025,Sell
1594427808.9108,9274.5,0.3,Sell
1594427818.0594,9274.5,0.011,Sell
1594427822.0675,9274.5,0.029,Sell
1594427825.8193,9274.5,0.111,Sell
1594427835.0753,9274.5,0.021,Sell
1594427837.0828,9274.5,0.006,Sell
1594427844.8278,9274.5,0.323,Sell
1594427848.0906,9274.5,0.857,Sell
1594427851.0216,9275.0,0.002,Buy
1594427852.0982,9274.5,0.03,Sell
1594427855.1843,9275.0,0.1,Buy
1594427863.8364,9274.5,0.016,Sell
1594427865.1058,9274.5,0.018,Sell
1594427869.1134,9274.5,0.008,Sell
1594427878.7452,9274.5,2.969,Sell
1594427878.7452,9274.5,0.031,Sell
1594427879.9726,9274.5,0.001,Sell
1594427879.9726,9274.5,0.2,Sell
1594427879.9726,9274.5,0.1,Sell
1594427881.3109,9274.5,0.001,Buy
1594427889.3387,9274.0,0.001,Sell
1594427895.1359,9274.0,0.345,Sell
1594427898.7762,9274.0,4.0,Sell
1594427899.0363,9274.0,0.002,Sell
1594427899.0363,9274.0,0.002,Sell
1594427903.4066,9273.5,2.277,Sell
1594427903.4066,9273.5,0.001,Sell
1594427903.8536,9273.5,0.024,Sell
1594427912.1511,9273.5,0.005,Sell
1594427916.1587,9273.5,0.011,Sell
1594427922.8623,9273.5,0.013,Sell
1594427926.8595,9273.5,1.0,Sell
1594427929.1663,9273.5,0.389,Sell
1594427931.1738,9273.5,0.014,Sell
1594427939.4909,9273.5,0.001,Sell
1594427941.0917,9273.0,0.001,Sell
1594427941.0917,9273.0,0.002,Sell
1594427941.0917,9273.0,0.009,Sell
1594427941.3261,9273.0,0.001,Buy
1594427941.4491,9273.0,0.001,Buy
1594427947.3449,9272.5,0.001,Sell
1594427947.3449,9272.5,0.001,Sell
1594427947.3449,9272.5,0.001,Sell
1594427947.3449,9272.5,0.015,Sell
1594427947.3449,9272.5,0.005,Sell
1594427947.3449,9272.5,0.001,Sell
1594427947.3449,9272.5,0.001,Sell
1594427949.4215,9272.0,0.001,Sell
1594427949.4215,9272.0,0.002,Sell
1594427949.4777,9271.5,0.001,Sell
1594427951.3617,9271.0,0.001,Sell
1594427966.8411,9270.5,0.67,Sell
1594427966.8411,9270.5,0.001,Sell
1594427966.8411,9270.5,0.035,Sell
1594427966.8411,9270.5,0.289,Sell
1594427966.8411,9270.5,0.005,Sell
1594427968.2111,9270.5,0.341,Sell
1594427972.2192,9270.5,0.21,Sell
1594427981.8884,9270.5,0.11,Sell
1594427981.8884,9270.5,0.539,Sell
1594427995.0183,9271.0,0.161,Buy
1594428003.2922,9271.0,0.001,Buy
1594428010.3436,9270.5,0.001,Sell
1594428019.3404,9271.0,0.001,Buy
1594428035.0672,9270.5,0.06,Sell
1594428035.0672,9270.5,0.001,Sell
1594428035.0672,9270.5,0.1,Sell
1594428061.257,9270.5,0.001,Sell
1594428069.2873,9271.0,0.001,Buy
1594428079.231,9270.5,0.031,Sell
1594428087.3197,9270.5,0.991,Sell
1594428089.3281,9270.5,0.027,Sell
1594428099.9397,9270.5,0.023,Sell
1594428100.336,9270.5,0.015,Sell
1594428102.3435,9270.5,0.023,Sell
1594428108.3846,9271.0,0.1,Buy
1594428113.3512,9270.5,0.49,Sell
1594428117.3596,9270.5,0.027,Sell
1594428120.9485,9270.5,0.001,Sell
1594428122.213,9270.5,0.001,Sell
1594428130.3675,9270.5,0.9,Sell
1594428132.3752,9270.5,0.939,Sell
1594428134.2514,9271.0,0.001,Buy
1594428139.9574,9270.5,0.013,Sell
1594428143.3829,9270.5,0.016,Sell
1594428147.3905,9270.5,0.009,Sell
1594428158.9662,9270.5,0.003,Sell
1594428160.3981,9270.5,0.028,Sell
1594428160.9822,9270.5,0.151,Sell
1594428164.4057,9270.5,0.021,Sell
1594428177.4133,9270.5,0.634,Sell
1594428179.4208,9270.5,0.983,Sell
1594428179.9746,9270.5,0.003,Sell
1594428179.9746,9270.5,0.005,Sell
1594428181.493,9271.0,0.001,Buy
1594428189.5226,9270.5,0.001,Sell
1594428190.4284,9270.5,0.029,Sell
1594428192.4367,9270.5,0.675,Sell
1594428198.9833,9270.5,0.001,Sell
1594428203.4447,9270.5,0.019,Sell
1594428207.4527,9270.5,0.012,Sell
1594428219.9916,9270.5,0.007,Sell
1594428220.4604,9270.5,0.063,Sell
1594428224.468,9270.5,0.008,Sell
1594428225.1191,9271.0,4.697,Buy
1594428225.1191,9271.0,0.162,Buy
1594428225.1191,9271.0,0.141,Buy
1594428237.476,9270.5,0.771,Sell
1594428239.0002,9270.5,0.016,Sell
1594428241.4838,9270.5,0.971,Sell
1594428241.7685,9270.5,0.001,Sell
1594428242.3885,9270.5,0.001,Sell
1594428246.7991,9271.0,0.001,Buy
1594428248.4183,9271.0,0.001,Buy
1594428254.4913,9270.5,0.024,Sell
1594428256.4988,9270.5,0.924,Sell
1594428260.0088,9270.5,0.502,Sell
1594428267.5064,9270.5,0.005,Sell
1594428271.514,9270.5,0.874,Sell
1594428279.0174,9270.5,0.681,Sell
1594428284.5216,9270.5,0.026,Sell
1594428286.5289,9270.5,0.003,Sell
1594428292.8843,9271.0,0.1,Buy
1594428292.9841,9271.0,0.043,Buy
1594428292.9841,9271.0,0.057,Buy
1594428293.0841,9271.0,0.1,Buy
1594428293.1842,9271.0,0.1,Buy
1594428293.2844,9271.0,0.1,Buy
1594428293.3841,9271.0,0.1,Buy
1594428293.4841,9271.0,0.1,Buy
1594428293.5842,9271.0,0.1,Buy
1594428293.6841,9271.0,0.1,Buy
1594428293.7842,9271.0,0.1,Buy
1594428293.8842,9271.0,0.1,Buy
1594428293.9841,9271.0,0.1,Buy
1594428294.0851,9271.0,0.1,Buy
1594428294.1842,9271.0,0.1,Buy
1594428294.2841,9271.0,0.1,Buy
1594428294.3841,9271.0,0.1,Buy
1594428294.484,9271.0,0.1,Buy
1594428294.5841,9271.0,0.1,Buy
1594428294.6841,9271.0,0.1,Buy
1594428294.7841,9271.0,0.001,Buy
1594428294.7841,9271.0,0.078,Buy
1594428294.7841,9271.0,0.002,Buy
1594428294.7841,9271.0,0.001,Buy
1594428294.7841,9271.0,0.017,Buy
1594428294.7841,9271.0,0.001,Buy
1594428294.8842,9271.0,0.1,Buy
1594428294.9841,9271.0,0.1,Buy
1594428295.0843,9271.0,0.1,Buy
1594428295.1841,9271.0,0.1,Buy
1594428295.2841,9271.0,0.1,Buy
1594428297.5366,9270.5,0.028,Sell
1594428298.026,9270.5,0.014,Sell
1594428299.544,9270.5,0.115,Sell
1594428302.6587,9270.5,0.001,Sell
1594428305.8789,9271.0,0.24,Buy
1594428310.5518,9270.5,0.008,Sell
1594428311.6928,9271.0,0.001,Buy
1594428312.5594,9270.5,0.018,Sell
1594428319.035,9270.5,0.018,Sell
1594428326.3173,9272.0,0.001,Buy
1594428326.3173,9273.0,0.001,Buy
1594428326.3173,9273.0,0.001,Buy
1594428326.3173,9272.0,0.002,Buy
1594428326.3173,9272.0,0.015,Buy
1594428326.3173,9272.0,0.001,Buy
1594428326.3173,9272.0,0.001,Buy
1594428326.3173,9272.0,0.001,Buy
1594428326.3173,9272.0,0.009,Buy
1594428326.3173,9273.0,0.005,Buy
1594428326.3173,9273.0,0.001,Buy
1594428326.3173,9273.0,0.002,Buy
1594428326.3173,9272.0,0.001,Buy
1594428361.5234,9274.0,0.001,Buy
1594428369.553,9273.5,0.001,Sell
1594428370.0364,9274.0,0.001,Buy
1594428370.0364,9274.0,0.1,Buy
1594428370.0364,9274.0,0.002,Buy
1594428370.0364,9274.0,0.001,Buy
1594428370.6124,9274.5,0.883,Sell
1594428372.62,9274.5,0.636,Sell
1594428380.0613,9274.5,0.748,Sell
1594428380.1842,9275.0,0.019,Buy
1594428380.1842,9275.0,0.079,Buy
1594428380.1842,9275.0,0.001,Buy
1594428380.1842,9275.0,0.001,Buy
1594428380.19,9275.0,0.2,Buy
1594428380.2841,9275.0,0.008,Buy
1594428380.2841,9275.0,0.001,Buy
1594428380.2841,9275.0,0.005,Buy
1594428380.3841,9275.5,0.1,Buy
1594428380.4842,9275.5,0.1,Buy
1594428380.5841,9275.5,0.058,Buy
1594428380.5841,9275.5,0.042,Buy
1594428380.6842,9275.5,0.1,Buy
1594428380.7842,9275.5,0.1,Buy
1594428380.8842,9275.5,0.002,Buy
1594428380.9842,9276.0,0.001,Buy
1594428380.9842,9276.0,0.032,Buy
1594428380.9842,9276.0,0.005,Buy
1594428380.9842,9276.0,0.061,Buy
1594428380.9842,9276.0,0.001,Buy
1594428381.0841,9276.0,0.1,Buy
1594428383.6274,9275.5,0.835,Sell
1594428385.6348,9275.5,0.018,Sell
1594428396.6424,9275.5,0.572,Sell
1594428398.6501,9275.5,0.024,Sell
1594428399.0697,9275.5,0.024,Sell
1594428405.1625,9276.0,0.1,Buy
1594428409.6576,9275.5,0.942,Sell
1594428411.665,9275.5,0.407,Sell
1594428414.2297,9276.0,1.63,Buy
1594428414.2297,9276.0,0.3,Buy
1594428420.0783,9275.5,0.936,Sell
1594428422.1889,9276.0,0.001,Buy
1594428422.6725,9275.5,0.428,Sell
1594428424.6802,9275.5,0.027,Sell
1594428430.2265,9275.5,0.001,Sell
1594428435.6877,9275.5,0.006,Sell
1594428437.6951,9275.5,0.024,Sell
1594428439.0869,9275.5,0.02,Sell
1594428443.2001,9276.0,1.616,Buy
1594428448.7026,9275.5,0.559,Sell
1594428450.7102,9275.5,0.248,Sell
1594428458.0956,9275.5,0.009,Sell
1594428458.6203,9276.0,0.001,Buy
1594428458.6203,9276.0,0.003,Buy
1594428458.6203,9276.0,0.002,Buy
1594428458.6203,9276.0,0.002,Buy
1594428458.6203,9276.5,0.192,Buy
1594428458.6203,9276.0,0.15,Buy
1594428458.6203,9276.0,0.15,Buy
1594428461.7178,9276.5,0.725,Sell
1594428465.7253,9276.5,0.016,Sell
1594428469.4842,9277.0,0.001,Buy
1594428469.4842,9277.0,0.093,Buy
1594428469.4842,9277.0,0.002,Buy
1594428469.4842,9277.0,0.001,Buy
1594428469.4842,9277.0,0.001,Buy
1594428469.4842,9277.0,0.001,Buy
1594428469.4842,9277.0,0.001,Buy
1594428469.5842,9277.0,0.978,Buy
1594428478.7335,9276.5,0.502,Sell
1594428479.1043,9276.5,0.026,Sell
1594428480.7415,9276.5,0.026,Sell
1594428481.8291,9277.0,0.001,Buy
1594428491.7495,9276.5,0.023,Sell
1594428491.859,9276.5,0.001,Sell
1594428493.757,9276.5,0.023,Sell
1594428496.1274,9277.0,0.108,Buy
1594428496.1274,9277.0,0.005,Buy
1594428496.1274,9277.0,0.005,Buy
1594428496.1274,9277.0,0.002,Buy
1594428496.1274,9277.0,0.1,Buy
1594428496.1274,9277.0,0.001,Buy
1594428497.1435,9278.0,0.001,Buy
1594428497.1435,9278.0,0.03,Buy
1594428497.1435,9278.0,0.002,Buy
1594428497.1435,9278.0,0.2,Buy
1594428497.1435,9278.0,0.005,Buy
1594428497.1435,9278.0,0.001,Buy
1594428497.1435,9278.0,0.001,Buy
1594428498.3339,9277.5,0.1,Sell
1594428500.1131,9277.5,0.017,Sell
1594428504.7649,9277.5,0.728,Sell
1594428506.7724,9277.5,0.003,Sell
1594428517.7803,9277.5,0.014,Sell
1594428519.1217,9277.5,0.017,Sell
1594428521.7877,9277.5,0.009,Sell
1594428534.7951,9277.5,0.026,Sell
1594428536.8025,9277.5,0.025,Sell
1594428538.13,9277.5,0.001,Sell
1594428542.4367,9277.5,0.001,Sell
1594428547.8102,9277.5,0.011,Sell
1594428549.8175,9277.5,0.061,Sell
1594428550.467,9278.0,0.001,Buy
1594428553.0306,9277.5,1.247,Sell
1594428559.1387,9277.5,0.025,Sell
1594428560.825,9277.5,0.023,Sell
1594428564.8324,9277.5,0.663,Sell
1594428573.5056,9278.0,0.05,Buy
1594428573.5056,9278.0,0.002,Buy
1594428573.5056,9279.0,0.001,Buy
1594428573.5056,9279.0,0.001,Buy
1594428573.5056,9279.0,0.001,Buy
1594428573.5056,9279.0,0.2,Buy
1594428573.5056,9279.0,0.002,Buy
1594428573.5056,9279.0,0.044,Buy
1594428573.5056,9278.0,0.05,Buy
1594428573.5056,9278.0,0.15,Buy
1594428573.5056,9278.0,0.499,Buy
1594428582.8459,9280.0,1.678,Buy
1594428582.8459,9280.0,0.02,Buy
1594428582.8459,9280.0,0.001,Buy
1594428582.8459,9280.0,0.001,Buy
1594428582.847,9280.0,1.0,Buy
1594428582.8544,9280.0,0.442,Buy
1594428582.8544,9280.0,2.144,Buy
1594428582.8544,9280.0,0.01,Buy
1594428582.8544,9280.0,0.005,Buy
1594428582.8544,9280.0,0.001,Buy
1594428582.8544,9280.0,0.001,Buy
1594428582.8544,9280.0,0.108,Buy
1594428582.8544,9280.0,0.189,Buy
1594428582.8544,9280.0,0.1,Buy
1594428582.8544,9280.0,1.0,Buy
1594428583.1582,9280.0,0.027,Buy
1594428583.1582,9280.0,0.005,Buy
1594428583.1582,9280.0,0.002,Buy
1594428583.1582,9280.0,0.006,Buy
1594428583.1582,9280.0,0.006,Buy
1594428583.1906,9281.0,2.232,Buy
1594428583.2299,9281.0,2.4,Buy
1594428583.4758,9281.0,0.001,Buy
1594428583.4758,9281.0,0.001,Buy
1594428583.4758,9281.0,0.001,Buy
1594428583.4758,9281.0,0.001,Buy
1594428583.4758,9281.0,0.007,Buy
1594428583.4758,9281.0,0.001,Buy
1594428583.4758,9281.0,2.013,Buy
1594428583.4758,9281.0,0.002,Buy
1594428583.4758,9281.0,0.001,Buy
1594428583.4758,9281.0,0.002,Buy
1594428583.4758,9281.0,0.006,Buy
1594428583.4758,9281.0,0.009,Buy
1594428583.4758,9281.0,0.001,Buy
1594428584.0936,9282.0,0.015,Buy
1594428584.0936,9282.0,0.002,Buy
1594428584.0936,9282.0,0.005,Buy
1594428584.0936,9282.0,0.002,Buy
1594428584.0936,9282.0,0.001,Buy
1594428584.0936,9282.0,0.001,Buy
1594428584.0936,9282.0,0.005,Buy
1594428584.0936,9282.0,0.001,Buy
1594428584.1069,9283.0,0.001,Buy
1594428584.1069,9283.0,0.001,Buy
1594428584.1069,9283.0,0.002,Buy
1594428584.1069,9283.0,0.01,Buy
1594428584.1069,9283.0,0.01,Buy
1594428584.1069,9283.0,0.01,Buy
1594428584.1069,9283.0,0.032,Buy
1594428584.1069,9284.0,0.573,Buy
1594428584.1069,9283.0,0.001,Buy
1594428584.1069,9283.0,0.01,Buy
1594428585.238,9284.0,0.24,Buy
1594428596.7999,9283.5,8.81,Sell
1594428596.7999,9283.0,3.49,Sell
1594428596.7999,9283.5,4.36,Sell
1594428596.7999,9283.5,2.278,Sell
1594428596.7999,9283.5,0.01,Sell
1594428596.7999,9283.5,5.3,Sell
1594428596.7999,9283.5,0.3,Sell
1594428596.7999,9283.5,1.0,Sell
1594428596.7999,9283.5,0.406,Sell
1594428599.1554,9283.0,0.001,Sell
1594428601.0489,9283.5,0.007,Buy
1594428601.0489,9283.5,0.01,Buy
1594428601.5548,9283.5,0.001,Buy
1594428601.5686,9283.0,0.001,Sell
1594428607.8699,9283.0,0.007,Sell
1594428608.6036,9283.0,0.001,Sell
1594428609.8776,9283.0,0.215,Sell
1594428613.6004,9283.5,0.001,Buy
1594428617.2587,9283.5,0.24,Buy
1594428618.164,9283.0,0.009,Sell
1594428620.377,9283.5,0.24,Buy
1594428620.8852,9283.0,0.022,Sell
1594428622.8926,9283.0,0.674,Sell
1594428625.0543,9283.5,0.24,Buy
1594428633.9001,9283.0,0.233,Sell
1594428635.9076,9283.0,0.324,Sell
1594428637.1724,9283.0,0.014,Sell
1594428646.9151,9283.0,0.001,Sell
1594428648.9225,9283.0,0.009,Sell
1594428656.1814,9283.0,0.414,Sell
1594428656.1814,9283.0,0.319,Sell
1594428659.9303,9283.0,0.002,Sell
1594428663.9378,9283.0,0.003,Sell
1594428675.1898,9283.0,0.02,Sell
1594428676.9455,9283.0,0.235,Sell
1594428680.9529,9283.0,0.075,Sell
1594428693.9605,9283.0,0.723,Sell
1594428694.1981,9283.0,0.003,Sell
1594428697.9679,9283.0,0.154,Sell
1594428704.5846,9283.5,0.1,Buy
1594428707.3056,9283.5,1.0,Buy
1594428709.9459,9283.0,0.932,Sell
1594428710.9755,9283.0,0.023,Sell
1594428714.9831,9283.0,0.009,Sell
1594428715.2064,9283.0,0.623,Sell
1594428721.6673,9283.5,0.001,Buy
1594428721.8315,9283.0,0.001,Sell
1594428726.8602,9283.5,0.001,Buy
1594428727.9905,9283.0,0.922,Sell
1594428729.7003,9283.0,0.001,Sell
1594428731.9979,9283.0,0.026,Sell
1594428736.2148,9283.0,0.588,Sell
1594428738.7214,9283.0,0.002,Sell
1594428738.7214,9283.0,0.01,Sell
1594428746.8694,9283.0,0.01,Buy
1594428762.0918,9282.5,0.001,Sell
1594428767.3612,9282.0,0.015,Sell
1594428767.3612,9282.0,0.002,Sell
1594428767.3612,9282.0,0.001,Sell
1594428767.3612,9282.0,0.001,Sell
1594428767.3612,9282.0,0.001,Sell
1594428767.3612,9282.0,0.005,Sell
1594428769.6797,9281.5,0.001,Sell
1594428769.6797,9281.5,0.67,Sell
1594428769.6797,9281.5,0.95,Sell
1594428769.6797,9281.5,1.378,Sell
1594428769.6797,9281.5,0.001,Sell
1594428770.3687,9281.0,0.001,Sell
1594428770.3687,9281.0,0.002,Sell
1594428770.3687,9281.0,0.001,Sell
1594428770.3687,9281.0,0.005,Sell
1594428773.891,9280.5,0.002,Sell
1594428773.891,9280.5,0.001,Sell
1594428808.7097,9280.0,0.999,Sell
1594428808.7097,9280.0,0.001,Sell
1594428809.0746,9280.0,0.006,Sell
1594428818.2491,9280.0,0.004,Sell
1594428819.1676,9280.0,0.5,Sell
1594428841.3727,9280.0,0.001,Sell
1594428842.2053,9280.5,0.001,Buy
1594428847.4009,9280.5,0.001,Buy
1594428850.2361,9280.0,0.001,Sell
1594428855.9753,9280.0,0.398,Sell
1594428855.9753,9280.0,0.001,Sell
1594428855.9753,9280.0,0.009,Sell
1594428864.892,9279.5,0.001,Sell
1594428864.892,9279.5,0.001,Sell
1594428864.892,9279.5,0.008,Sell
1594428873.1271,9279.5,0.018,Sell
1594428875.1348,9279.5,0.014,Sell
1594428881.2746,9279.5,0.017,Sell
1594428886.1424,9279.5,0.008,Sell
1594428888.1501,9279.5,0.26,Sell
1594428899.1577,9279.5,0.023,Sell
1594428901.1654,9279.5,0.012,Sell
1594428901.8771,9280.0,0.001,Buy
1594428902.2832,9279.5,0.022,Sell
1594428902.3124,9279.5,0.008,Sell
1594428903.8993,9279.5,0.5,Sell
1594428909.9077,9279.5,0.001,Sell
1594428912.1732,9279.5,0.021,Sell
1594428914.1808,9279.5,0.026,Sell
1594428923.2915,9279.5,0.001,Sell
1594428925.1888,9279.5,0.011,Sell
1594428929.1963,9279.5,0.011,Sell
1594428942.2039,9279.5,0.025,Sell
1594428942.3002,9279.5,0.006,Sell
1594428944.2113,9279.5,0.009,Sell
1594428955.2194,9279.5,0.014,Sell
1594428957.2268,9279.5,0.008,Sell
1594428961.3554,9279.5,0.001,Sell
1594428963.3089,9279.5,0.017,Sell
1594428968.2345,9279.5,0.995,Sell
1594428970.242,9279.5,0.01,Sell
1594428970.3843,9280.0,0.001,Buy
1594428981.2495,9279.5,0.185,Sell
1594428984.3175,9279.5,0.219,Sell
1594428985.2569,9279.5,0.748,Sell
1594428998.2647,9279.5,0.008,Sell
1594429000.2723,9279.5,0.001,Sell
1594429003.3264,9279.5,0.002,Sell
1594429011.2799,9279.5,0.008,Sell
1594429013.2873,9279.5,0.77,Sell
1594429022.1379,9280.0,0.001,Buy
1594429022.3095,9279.5,0.001,Sell
1594429022.3355,9279.5,0.028,Sell
1594429024.2948,9279.5,0.016,Sell
1594429028.3024,9279.5,0.726,Sell
1594429030.336,9280.0,0.001,Buy
1594429032.1677,9279.5,0.001,Sell
1594429055.1856,9279.5,0.059,Sell
1594429055.1856,9279.5,0.001,Sell
1594429056.333,9279.5,0.568,Sell
1594429060.3531,9279.5,0.006,Sell
1594429076.7426,9279.5,1.249,Sell
1594429076.7426,9279.5,0.001,Sell
1594429076.859,9279.0,0.002,Sell
1594429076.859,9279.0,0.001,Sell
1594429076.8978,9278.5,0.001,Sell
1594429076.8978,9278.5,0.001,Sell
1594429076.9753,9278.0,0.002,Sell
1594429076.9753,9278.0,0.001,Sell
1594429076.98,9277.5,0.994,Sell
1594429076.98,9277.5,0.005,Sell
1594429076.98,9277.5,0.001,Sell
1594429077.0843,9278.0,0.01,Buy
1594429077.0843,9278.0,0.717,Buy
1594429077.1844,9278.0,0.1,Buy
1594429077.6128,9277.5,0.836,Sell
1594429077.6128,9277.5,0.252,Sell
1594429077.6128,9277.5,1.19,Sell
1594429077.6544,9277.0,0.002,Sell
1594429077.6544,9277.0,0.001,Sell
1594429077.6544,9277.0,0.001,Sell
1594429077.6544,9277.5,0.001,Sell
1594429077.6544,9277.5,0.01,Sell
1594429077.6544,9276.5,0.001,Sell
1594429077.6544,9275.5,0.016,Sell
1594429077.6544,9275.5,0.001,Sell
1594429077.6544,9276.0,0.001,Sell
1594429077.6544,9275.5,0.072,Sell
1594429077.6544,9275.5,0.001,Sell
1594429077.6544,9276.0,0.002,Sell
1594429079.3621,9275.5,0.541,Sell
1594429083.1851,9275.5,0.001,Sell
1594429095.2203,9276.0,0.001,Buy
1594429108.6423,9275.5,0.001,Sell
1594429108.6423,9275.5,0.001,Sell
1594429108.6423,9275.5,0.005,Sell
1594429108.6423,9275.5,0.001,Sell
1594429113.7935,9275.0,0.01,Sell
1594429113.7935,9275.0,0.001,Sell
1594429113.7935,9275.0,0.002,Sell
1594429113.7935,9275.0,0.001,Sell
1594429113.7935,9275.0,0.003,Sell
1594429136.6632,9275.0,0.071,Sell
1594429153.2381,9275.0,0.001,Sell
1594429153.2381,9275.0,0.027,Sell
1594429153.2574,9274.5,0.001,Sell
1594429153.2574,9274.5,2.249,Sell
1594429179.6187,9274.5,0.001,Sell
1594429179.6187,9274.5,0.001,Sell
1594429179.9474,9274.0,0.001,Sell
1594429179.9474,9274.0,0.001,Sell
1594429179.9474,9274.0,0.002,Sell
1594429179.9474,9274.0,0.002,Sell
1594429180.478,9273.5,0.005,Sell
1594429180.478,9273.5,0.005,Sell
1594429180.478,9273.5,0.006,Sell
1594429180.478,9273.5,0.001,Sell
1594429201.7685,9273.5,0.001,Buy
1594429206.5989,9273.0,0.001,Sell
1594429208.3243,9273.0,0.002,Sell
1594429208.3243,9273.0,0.002,Sell
1594429208.3243,9273.0,0.1,Sell
1594429208.3243,9273.0,0.004,Sell
1594429208.7996,9273.0,0.001,Sell
1594429228.3941,9273.0,0.004,Sell
1594429234.5107,9273.0,0.015,Sell
1594429237.4308,9273.0,0.002,Sell
1594429238.5182,9273.0,0.029,Sell
1594429249.9304,9273.0,0.008,Sell
1594429249.9304,9273.0,0.008,Sell
1594429249.9304,9272.5,0.001,Sell
1594429249.9304,9272.5,0.001,Sell
1594429249.9304,9272.5,0.481,Sell
1594429249.9304,9273.0,0.001,Sell
1594429261.3179,9272.0,0.001,Sell
1594429262.5669,9272.0,0.001,Sell
1594429269.3526,9272.0,0.001,Buy
1594429271.5998,9272.0,0.001,Buy
1594429321.2855,9271.5,0.001,Sell
1594429328.6025,9271.5,0.596,Sell
1594429332.61,9271.5,0.019,Sell
1594429333.313,9272.0,0.001,Buy
1594429336.4745,9271.5,0.018,Sell
1594429345.6174,9271.5,0.19,Sell
1594429349.6251,9271.5,0.879,Sell
1594429382.0101,9272.0,0.001,Buy
1594429392.0426,9271.5,0.001,Sell
1594429426.6943,9271.5,0.583,Sell
1594429428.7017,9271.5,0.001,Sell
1594429435.5168,9271.5,0.018,Sell
1594429439.7093,9271.5,0.782,Sell
1594429441.2492,9271.5,0.001,Sell
1594429441.3724,9271.5,0.001,Sell
1594429443.7167,9271.5,0.455,Sell
1594429446.2787,9272.0,0.001,Buy
1594429447.408,9272.0,0.001,Buy
1594429515.9759,9272.0,0.188,Buy
1594429518.4049,9271.5,0.001,Sell
1594429527.5747,9271.0,0.001,Sell
1594429527.5747,9271.0,0.001,Sell
1594429527.5747,9271.0,0.009,Sell
1594429527.5747,9271.0,0.002,Sell
1594429527.5747,9271.0,0.002,Sell
1594429554.5842,9271.0,0.1,Buy
1594429554.6842,9271.0,0.1,Buy
1594429554.7841,9271.0,0.1,Buy
1594429554.8841,9271.0,0.1,Buy
1594429554.9842,9271.0,0.1,Buy
1594429555.0841,9271.0,0.1,Buy
1594429555.1842,9271.0,0.1,Buy
1594429555.2842,9271.0,0.1,Buy
1594429555.3842,9271.0,0.1,Buy
1594429555.4842,9271.0,0.1,Buy
1594429555.5841,9271.0,0.1,Buy
1594429555.6842,9271.0,0.1,Buy
1594429555.7841,9271.0,0.1,Buy
1594429555.8841,9271.0,0.1,Buy
1594429555.9841,9271.0,0.1,Buy
1594429556.0842,9271.0,0.1,Buy
1594429556.1841,9271.0,0.1,Buy
1594429556.2842,9271.0,0.1,Buy
1594429556.3842,9271.0,0.1,Buy
1594429562.7874,9271.0,0.001,Buy
1594429562.9542,9271.0,0.24,Buy
1594429566.0556,9271.0,0.24,Buy
1594429570.8206,9270.5,0.001,Sell
1594429571.1045,9271.0,0.24,Buy
1594429576.1239,9271.0,0.24,Buy
1594429583.5694,9271.0,0.24,Buy
1594429587.5877,9271.0,0.24,Buy
1594429614.8747,9270.5,0.029,Sell
1594429616.8822,9270.5,0.025,Sell
1594429620.5948,9270.5,0.004,Sell
1594429621.715,9271.0,0.001,Buy
1594429621.7154,9271.0,0.001,Buy
1594429627.8897,9270.5,0.915,Sell
1594429629.7461,9270.5,0.001,Sell
1594429629.7471,9270.5,0.001,Sell
1594429631.8972,9270.5,0.01,Sell
1594429641.6032,9270.5,0.012,Sell
1594429644.9047,9270.5,0.677,Sell
1594429648.9123,9270.5,0.018,Sell
1594429659.4341,9271.0,0.001,Buy
1594429660.6121,9270.5,0.093,Sell
1594429661.9201,9270.5,0.604,Sell
1594429665.9276,9270.5,0.087,Sell
1594429678.9353,9270.5,0.52,Sell
1594429680.9429,9270.5,0.001,Sell
1594429681.6207,9270.5,0.002,Sell
1594429691.9505,9270.5,0.502,Sell
1594429693.9582,9270.5,0.012,Sell
1594429700.6293,9270.5,0.547,Sell
1594429704.9658,9270.5,0.005,Sell
1594429706.9735,9270.5,0.008,Sell
1594429717.9812,9270.5,0.011,Sell
1594429721.6378,9270.5,0.075,Sell
1594429721.989,9270.5,0.026,Sell
1594429734.9966,9270.5,0.27,Sell
1594429739.0042,9270.5,0.016,Sell
1594429741.3234,9270.5,0.001,Sell
1594429742.6467,9270.5,0.017,Sell
1594429749.3547,9271.0,0.001,Buy
1594429751.8031,9271.0,0.023,Buy
1594429752.0118,9270.5,0.006,Sell
1594429754.0191,9270.5,0.07,Sell
1594429760.052,9271.0,0.023,Buy
1594429761.6554,9270.5,0.02,Sell
1594429765.0268,9270.5,0.244,Sell
1594429765.6842,9271.0,0.1,Buy
1594429765.7842,9271.0,0.1,Buy
1594429765.8843,9271.0,0.1,Buy
1594429765.9842,9271.0,0.1,Buy
1594429766.0386,9271.0,0.24,Buy
1594429766.0843,9271.0,0.1,Buy
1594429766.1841,9271.0,0.1,Buy
1594429766.2841,9271.0,0.1,Buy
1594429766.3843,9271.0,0.1,Buy
1594429767.0371,9270.5,0.471,Sell
1594429767.0371,9270.5,0.341,Sell
1594429773.1287,9271.0,0.24,Buy
1594429777.1341,9271.0,0.034,Buy
1594429778.0447,9270.5,0.132,Sell
1594429780.0522,9270.5,0.006,Sell
1594429780.6643,9270.5,0.376,Sell
1594429780.6647,9271.0,0.027,Buy
1594429780.7842,9271.0,0.1,Buy
1594429780.8842,9271.0,0.1,Buy
1594429780.9841,9271.0,0.1,Buy
1594429781.0842,9271.0,0.1,Buy
1594429781.1842,9271.0,0.1,Buy
1594429791.0599,9270.5,0.012,Sell
1594429793.0683,9270.5,0.605,Sell
1594429797.4954,9271.0,0.151,Buy
1594429799.6729,9270.5,0.017,Sell
1594429802.4081,9270.5,0.001,Sell
1594429804.0761,9270.5,0.005,Sell
1594429806.106,9271.0,0.149,Buy
1594429808.0839,9270.5,0.006,Sell
1594429814.4423,9271.0,0.001,Buy
1594429815.535,9271.0,0.175,Buy
1594429815.535,9271.0,2.752,Buy
1594429819.2806,9270.5,0.05,Sell
1594429820.6815,9270.5,0.02,Sell
1594429821.0912,9270.5,0.025,Sell
1594429823.0986,9270.5,0.414,Sell
1594429834.1061,9270.5,0.018,Sell
1594429835.3009,9270.5,0.005,Sell
1594429838.1137,9270.5,0.01,Sell
1594429841.69,9270.5,0.009,Sell
1594429851.1214,9270.5,0.004,Sell
1594429853.1288,9270.5,0.01,Sell
1594429859.8687,9271.0,0.001,Buy
1594429859.8687,9271.0,0.044,Buy
1594429859.8687,9271.0,0.002,Buy
1594429862.6985,9271.5,0.027,Sell
1594429864.1366,9271.5,0.021,Sell
1594429866.144,9271.5,0.349,Sell
1594429874.0503,9271.5,0.001,Sell
1594429874.5211,9272.0,0.017,Buy
1594429877.1515,9271.5,0.876,Sell
1594429879.1594,9271.5,0.23,Sell
1594429879.6098,9272.0,0.163,Buy
1594429879.6098,9272.0,0.001,Buy
1594429879.6098,9272.0,0.001,Buy
1594429879.6098,9272.0,0.001,Buy
1594429879.6098,9272.0,0.086,Buy
1594429879.6098,9272.0,0.001,Buy
1594429883.707,9271.5,0.519,Sell
1594429883.7841,9272.0,0.1,Buy
1594429883.8843,9272.0,0.086,Buy
1594429883.8843,9272.0,0.014,Buy
1594429883.9841,9272.0,0.1,Buy
1594429884.0841,9272.0,0.1,Buy
1594429884.1841,9272.0,0.1,Buy
1594429890.1672,9271.5,0.008,Sell
1594429892.1749,9271.5,0.001,Sell
1594429902.7156,9271.5,0.6,Sell
1594429902.7843,9272.0,0.1,Buy
1594429902.8847,9272.0,0.009,Buy
1594429902.8847,9272.0,0.002,Buy
1594429902.9842,9273.0,0.001,Buy
1594429902.9842,9273.0,0.001,Buy
1594429902.9842,9273.0,0.005,Buy
1594429902.9842,9273.0,0.002,Buy
1594429902.9842,9273.0,0.09,Buy
1594429902.9842,9273.0,0.001,Buy
1594429903.0842,9273.0,0.1,Buy
1594429903.1826,9272.5,0.001,Sell
1594429903.1841,9273.0,0.1,Buy
1594429903.2841,9273.0,0.1,Buy
1594429903.3841,9273.0,0.1,Buy
1594429905.1903,9272.5,0.023,Sell
1594429916.1976,9272.5,0.701,Sell
1594429918.2052,9272.5,0.02,Sell
1594429921.5584,9272.5,0.001,Sell
1594429921.7244,9272.5,0.708,Sell
1594429921.7845,9273.0,0.1,Buy
1594429921.8855,9273.0,0.1,Buy
1594429921.9844,9273.0,0.1,Buy
1594429922.0843,9273.0,0.1,Buy
1594429922.107,9272.5,0.001,Sell
1594429922.1848,9273.0,0.1,Buy
1594429922.1867,9273.0,0.001,Buy
1594429922.2852,9273.0,0.1,Buy
1594429922.3845,9273.0,0.1,Buy
1594429927.1393,9273.0,0.001,Buy
1594429929.2127,9272.5,0.001,Sell
1594429930.59,9273.0,0.001,Buy
1594429931.2203,9272.5,0.01,Sell
1594429932.2205,9272.5,0.001,Sell
1594429940.2079,9272.5,0.015,Sell
1594429942.2282,9272.5,0.714,Sell
1594429942.7328,9272.5,0.025,Sell
1594429944.2625,9273.0,0.1,Buy
1594429946.2358,9272.5,0.704,Sell
1594429959.2435,9272.5,0.085,Sell
1594429961.2512,9272.5,0.025,Sell
1594429963.7414,9272.5,0.018,Sell
1594429972.2592,9272.5,0.56,Sell
1594429974.2668,9272.5,0.005,Sell
1594429982.75,9272.5,0.021,Sell
1594429984.5961,9273.0,1.5,Buy
1594429985.2744,9273.5,0.001,Sell
1594429989.2819,9273.5,0.404,Sell
1594430001.7587,9273.5,0.179,Sell
1594430002.2896,9273.5,0.655,Sell
1594430004.2976,9273.5,0.894,Sell
1594430015.3054,9273.5,0.236,Sell
1594430017.2889,9274.0,0.001,Buy
1594430017.2889,9274.0,0.098,Buy
1594430017.2889,9274.0,0.001,Buy
1594430017.3131,9273.5,0.029,Sell
1594430022.7674,9273.5,0.333,Sell
1594430028.3211,9273.5,0.004,Sell
1594430032.329,9273.5,0.02,Sell
1594430041.2486,9273.5,0.001,Sell
1594430041.4826,9274.0,0.001,Buy
1594430043.776,9273.5,0.008,Sell
1594430045.3367,9273.5,0.354,Sell
1594430047.277,9274.0,0.001,Buy
1594430049.3447,9273.5,0.003,Sell
1594430049.5118,9273.5,0.001,Sell
1594430062.3528,9273.5,0.015,Sell
1594430101.429,9274.0,0.001,Buy
1594430106.5065,9273.5,0.001,Sell
1594430109.4612,9273.0,0.001,Sell
1594430110.1938,9273.0,0.002,Sell
1594430110.1938,9273.0,0.699,Sell
1594430110.1938,9273.0,0.001,Sell
1594430113.584,9272.5,0.001,Sell
1594430113.584,9272.5,0.001,Sell
1594430120.8726,9272.0,0.001,Sell
1594430120.8726,9272.0,0.002,Sell
1594430137.4357,9272.0,0.352,Buy
1594430141.4434,9272.0,0.991,Buy
1594430143.8261,9272.0,0.021,Buy
1594430146.1857,9272.0,0.023,Buy
1594430153.4554,9272.0,0.131,Buy
1594430155.4639,9272.0,0.489,Buy
1594430161.8485,9272.0,0.001,Buy
1594430163.835,9272.0,0.802,Buy
1594430166.4719,9272.0,0.027,Buy
1594430166.9922,9271.5,0.048,Sell
1594430166.9922,9271.5,0.001,Sell
1594430166.9922,9271.5,0.001,Sell
1594430169.8769,9271.5,0.001,Sell
1594430176.1858,9272.0,0.007,Buy
1594430178.4857,9272.0,0.002,Buy
1594430183.8436,9272.0,0.024,Buy
1594430191.499,9272.0,0.005,Buy
1594430194.7931,9271.5,0.001,Sell
1594430194.7931,9271.5,0.001,Sell
1594430194.7931,9271.5,0.101,Sell
1594430221.2034,9271.0,0.001,Sell
1594430229.2345,9271.5,0.001,Buy
1594430260.4787,9270.5,0.38,Sell
1594430260.4787,9270.5,0.001,Sell
1594430260.4787,9271.0,0.002,Sell
1594430260.4787,9270.5,0.67,Sell
1594430260.4787,9271.0,0.009,Sell
1594430276.5398,9270.0,0.024,Sell
1594430276.5398,9270.0,0.001,Sell
1594430276.5398,9270.0,0.002,Sell
1594430276.5398,9270.0,0.001,Sell
1594430281.3532,9270.0,0.001,Sell
1594430293.3864,9270.5,0.001,Buy
1594430300.6158,9270.0,0.001,Sell
1594430300.6158,9270.0,0.015,Sell
1594430300.6158,9270.0,0.002,Sell
1594430300.6158,9270.0,0.001,Sell
1594430300.6158,9270.0,0.001,Sell
1594430300.6158,9270.0,0.966,Sell
1594430301.1482,9269.5,0.054,Sell
1594430301.1482,9269.5,0.005,Sell
1594430301.1482,9269.5,0.001,Sell
1594430301.1482,9269.5,0.001,Sell
1594430302.0694,9269.0,0.001,Sell
1594430302.0694,9269.0,0.003,Sell
1594430302.0694,9269.0,0.002,Sell
1594430302.0694,9269.0,0.081,Sell
1594430302.0694,9269.0,0.001,Sell
1594430304.1347,9268.5,0.001,Sell
1594430304.1347,9268.5,0.002,Sell
1594430304.1347,9268.5,0.054,Sell
1594430304.1347,9268.5,0.065,Sell
1594430304.1347,9268.5,0.081,Sell
1594430304.1347,9268.5,0.005,Sell
1594430304.1347,9268.5,0.001,Sell
1594430308.5987,9268.0,0.15,Sell
1594430308.5987,9268.0,0.006,Sell
1594430308.5987,9268.0,0.001,Sell
1594430308.5987,9268.0,0.15,Sell
1594430308.5987,9268.0,0.002,Sell
1594430308.5987,9268.0,0.002,Sell
1594430319.5272,9267.5,0.002,Sell
1594430319.5272,9267.5,0.001,Sell
1594430333.2719,9267.0,0.001,Sell
1594430333.2719,9267.0,0.002,Sell
1594430333.2719,9267.0,0.059,Sell
1594430333.2719,9267.0,0.001,Sell
1594430333.6375,9267.0,0.023,Buy
1594430333.863,9266.5,0.108,Sell
1594430333.863,9266.5,0.001,Sell
1594430333.863,9266.5,0.015,Sell
1594430333.863,9266.5,0.005,Sell
1594430333.863,9266.5,0.001,Sell
1594430333.863,9266.5,0.001,Sell
1594430338.6381,9266.0,0.001,Sell
1594430338.6381,9266.0,0.002,Sell
1594430338.6381,9266.0,0.001,Sell
1594430338.6381,9266.0,0.005,Sell
1594430338.6381,9266.0,0.002,Sell
1594430338.6381,9266.0,0.002,Sell
1594430340.0966,9265.0,0.001,Sell
1594430340.0966,9265.0,0.1,Sell
1594430340.0966,9265.0,0.002,Sell
1594430340.0966,9265.5,0.006,Sell
1594430340.0966,9265.5,0.216,Sell
1594430340.0966,9265.5,0.001,Sell
1594430340.0966,9265.5,0.005,Sell
1594430340.0966,9265.5,0.001,Sell
1594430340.0966,9265.0,0.002,Sell
1594430340.0966,9265.5,0.006,Sell
1594430340.0966,9265.0,0.671,Sell
1594430340.1028,9265.0,0.03,Sell
1594430340.1099,9265.0,0.35,Sell
1594430351.7156,9264.5,0.003,Sell
1594430351.7156,9264.5,0.242,Sell
1594430351.7156,9264.5,0.001,Sell
1594430351.7156,9264.5,0.001,Sell
1594430352.4521,9264.0,0.001,Sell
1594430352.4521,9264.0,0.001,Sell
1594430352.4521,9264.0,0.002,Sell
1594430352.4521,9263.5,1.937,Sell
1594430352.4521,9264.0,0.001,Sell
1594430352.4521,9263.5,0.001,Sell
1594430352.4521,9263.5,0.001,Sell
1594430352.458,9263.5,1.395,Sell
1594430352.4651,9263.5,0.061,Sell
1594430369.1488,9263.0,0.002,Sell
1594430369.1488,9263.0,0.001,Sell
1594430369.1488,9263.5,0.001,Sell
1594430369.1488,9263.5,0.005,Sell
1594430369.1488,9263.5,0.001,Sell
1594430369.1488,9263.0,0.034,Sell
1594430369.1488,9263.0,0.002,Sell
1594430369.1488,9263.0,0.5,Sell
1594430369.1488,9263.0,0.053,Sell
1594430369.1488,9263.0,0.001,Sell
1594430376.6772,9263.0,0.004,Sell
1594430378.6853,9263.0,0.292,Sell
1594430401.4672,9262.5,0.001,Sell
1594430402.6704,9263.0,0.001,Buy
1594430405.9194,9262.5,0.002,Sell
1594430406.5007,9263.0,0.001,Buy
1594430409.7073,9262.5,0.001,Sell
1594430434.6682,9262.5,0.198,Sell
1594430434.6682,9262.5,0.001,Sell
1594430434.6682,9262.5,0.001,Sell
1594430435.9841,9263.0,0.001,Buy
1594430435.9841,9263.0,0.098,Buy
1594430435.9841,9263.0,0.001,Buy
1594430436.0842,9263.0,0.1,Buy
1594430436.1841,9263.0,0.1,Buy
1594430436.2842,9263.0,0.001,Buy
1594430436.2842,9263.0,0.001,Buy
1594430436.2842,9263.0,0.001,Buy
1594430436.2842,9263.0,0.002,Buy
1594430436.2842,9263.0,0.002,Buy
1594430436.3843,9264.0,0.001,Buy
1594430436.3843,9264.0,0.001,Buy
1594430436.3843,9264.0,0.002,Buy
1594430436.3843,9264.0,0.001,Buy
1594430436.3843,9264.0,0.001,Buy
1594430438.984,9265.0,0.001,Buy
1594430438.984,9265.0,0.005,Buy
1594430438.984,9265.0,0.002,Buy
1594430438.984,9265.0,0.091,Buy
1594430438.984,9265.0,0.001,Buy
1594430439.0842,9265.0,0.1,Buy
1594430441.9529,9264.5,0.013,Sell
1594430443.7464,9264.5,0.004,Sell
1594430447.7538,9264.5,0.036,Sell
1594430458.7602,9264.5,0.025,Sell
1594430460.7679,9264.5,0.018,Sell
1594430460.9615,9264.5,0.657,Sell
1594430461.0842,9265.0,0.1,Buy
1594430461.1848,9265.0,0.1,Buy
1594430461.2842,9265.0,0.1,Buy
1594430461.3843,9265.0,0.1,Buy
1594430461.4614,9265.0,0.001,Buy
1594430461.4841,9265.0,0.1,Buy
1594430461.5842,9265.0,0.1,Buy
1594430461.6842,9265.0,0.1,Buy
1594430463.483,9265.0,0.1,Buy
1594430470.774,9264.5,0.004,Sell
1594430471.4935,9264.5,0.001,Sell
1594430472.7813,9264.5,0.007,Sell
1594430481.9702,9264.5,0.002,Sell
1594430482.7873,9264.5,0.004,Sell
1594430486.7946,9264.5,0.01,Sell
1594430497.8004,9264.5,0.019,Sell
1594430501.8079,9264.5,0.003,Sell
1594430502.9789,9264.5,0.008,Sell
1594430512.8139,9264.5,0.807,Sell
1594430516.8214,9264.5,0.026,Sell
1594430521.7142,9265.0,0.001,Buy
1594430521.9873,9264.5,0.991,Sell
1594430522.0842,9265.0,0.001,Buy
1594430522.0842,9265.0,0.002,Buy
1594430522.0842,9265.0,0.005,Buy
1594430522.0842,9265.0,0.001,Buy
1594430527.8274,9265.5,0.867,Sell
1594430529.7445,9265.5,0.001,Sell
1594430531.8348,9265.5,0.011,Sell
1594430542.8412,9265.5,0.522,Sell
1594430542.9956,9265.5,0.842,Sell
1594430546.8487,9265.5,0.006,Sell
1594430557.855,9265.5,0.007,Sell
1594430561.8637,9265.5,0.001,Sell
1594430564.0042,9265.5,0.028,Sell
1594430572.8701,9265.5,0.832,Sell
1594430574.8777,9265.5,0.008,Sell
1594430581.236,9265.5,0.001,Sell
1594430582.3748,9266.0,0.001,Buy
1594430583.0127,9265.5,0.892,Sell
1594430584.8837,9265.5,0.025,Sell
1594430586.891,9265.5,0.166,Sell
1594430590.2669,9266.0,0.001,Buy
1594430590.4095,9265.5,0.001,Sell
1594430596.8969,9265.5,0.301,Sell
1594430600.9042,9265.5,0.045,Sell
1594430604.0212,9265.5,0.018,Sell
1594430611.9103,9265.5,0.046,Sell
1594430613.0343,9265.5,0.5,Sell
1594430615.9175,9265.5,0.032,Sell
1594430625.0297,9265.5,0.266,Sell
1594430625.0297,9265.5,0.148,Sell
1594430626.9237,9265.5,0.733,Sell
1594430630.9312,9265.5,0.001,Sell
1594430641.1631,9265.5,0.001,Sell
1594430641.9375,9265.5,0.003,Sell
1594430643.9452,9265.5,0.017,Sell
1594430645.9399,9265.5,0.011,Sell
1594430646.0382,9265.5,0.012,Sell
1594430647.1922,9266.0,0.001,Buy
1594430653.9515,9265.5,0.949,Sell
1594430657.9593,9265.5,0.645,Sell
1594430665.0476,9265.5,0.322,Sell
1594430670.9668,9265.5,0.017,Sell
1594430674.9745,9265.5,0.02,Sell
1594430685.9804,9265.5,0.024,Sell
1594430686.0562,9265.5,0.029,Sell
1594430689.9879,9265.5,0.025,Sell
1594430700.9937,9265.5,0.991,Sell
1594430701.2502,9266.0,0.001,Buy
1594430701.894,9265.5,0.001,Sell
1594430703.0014,9265.5,0.029,Sell
1594430704.0074,9265.5,0.02,Sell
1594430707.0648,9265.5,0.043,Sell
1594430709.2831,9265.5,0.001,Sell
1594430709.9259,9266.0,0.001,Buy
1594430714.0114,9265.5,0.006,Sell
1594430718.0191,9265.5,0.029,Sell
1594430726.0743,9265.5,0.018,Sell
1594430729.0256,9265.5,0.592,Sell
1594430731.0335,9265.5,0.02,Sell
1594430741.0404,9265.5,0.005,Sell
1594430745.0479,9265.5,0.01,Sell
1594430747.0516,9265.5,0.562,Sell
1594430747.083,9265.5,0.025,Sell
1594430758.0555,9265.5,0.001,Sell
1594430761.3536,9265.5,0.001,Sell
1594430762.0634,9265.5,0.047,Sell
1594430766.0913,9265.5,0.543,Sell
1594430773.3849,9266.0,0.001,Buy
1594430775.0711,9265.5,0.959,Sell
1594430779.079,9265.5,0.281,Sell
1594430785.1,9265.5,0.079,Sell
1594430792.087,9265.5,0.012,Sell
1594430794.0944,9265.5,0.009,Sell
1594430804.1086,9265.5,0.014,Sell
1594430805.1026,9265.5,0.606,Sell
1594430809.1101,9265.5,0.024,Sell
1594430822.1208,9265.5,0.016,Sell
1594430825.1171,9265.5,0.791,Sell
1594430829.0982,9265.5,0.013,Sell
1594430881.483,9265.5,0.001,Sell
1594430886.514,9266.0,0.001,Buy
1594431001.4953,9266.0,0.001,Buy
1594431001.556,9266.0,0.001,Buy
1594431003.0591,9266.0,0.001,Buy
1594431007.542,9265.5,0.286,Sell
1594431007.542,9265.5,0.714,Sell
1594431008.5321,9265.5,0.001,Sell
1594431011.0904,9265.5,0.001,Sell
1594431011.5881,9265.5,0.001,Sell
1594431061.4883,9266.0,0.001,Buy
1594431063.0844,9266.0,0.076,Buy
1594431063.0844,9266.0,0.024,Buy
1594431069.5168,9265.5,0.001,Sell
1594431080.1919,9265.5,0.15,Sell
1594431097.0208,9265.5,0.099,Sell
1594431097.0208,9265.5,0.001,Sell
1594431125.4321,9265.5,0.009,Sell
1594431125.4321,9265.5,0.001,Sell
1594431125.4321,9265.5,0.002,Sell
1594431125.4321,9265.5,0.002,Sell
1594431125.4321,9265.5,0.001,Sell
1594431125.4321,9265.5,0.009,Sell
1594431125.4321,9265.0,0.001,Sell
1594431125.4321,9265.0,0.002,Sell
1594431125.4321,9265.5,0.001,Sell
1594431181.5701,9264.5,0.001,Sell
1594431185.1595,9264.0,0.914,Sell
1594431185.1595,9264.0,0.67,Sell
1594431185.1595,9264.0,0.001,Sell
1594431185.1595,9264.5,0.001,Sell
1594431185.1595,9264.5,0.001,Sell
1594431185.1595,9264.5,0.001,Sell
1594431189.6013,9264.5,0.001,Buy
1594431204.0038,9264.5,0.001,Buy
1594431208.0184,9264.0,0.001,Sell
1594431209.1893,9264.0,0.425,Sell
1594431209.1893,9264.0,0.002,Sell
1594431209.1893,9264.0,0.001,Sell
1594431241.3306,9263.5,0.001,Sell
1594431242.5387,9263.5,0.001,Sell
1594431242.5409,9264.0,0.001,Buy
1594431242.8438,9263.5,0.001,Sell
1594431248.8799,9264.0,0.001,Buy
1594431250.5754,9263.5,0.001,Sell
1594431251.5741,9264.0,0.001,Buy
1594431253.365,9264.0,0.001,Buy
1594431361.1793,9263.5,0.001,Sell
1594431362.671,9263.5,0.023,Sell
1594431366.2134,9264.0,0.001,Buy
1594431366.3482,9263.5,0.029,Sell
1594431366.6785,9263.5,0.018,Sell
1594431379.6862,9263.5,0.012,Sell
1594431383.6934,9263.5,0.006,Sell
1594431387.3576,9263.5,0.018,Sell
1594431396.7009,9263.5,0.007,Sell
1594431398.7083,9263.5,0.001,Sell
1594431406.3663,9263.5,0.02,Sell
1594431409.7159,9263.5,0.015,Sell
1594431411.7235,9263.5,0.991,Sell
1594431422.7311,9263.5,0.001,Sell
1594431426.7388,9263.5,0.001,Sell
1594431427.3751,9263.5,0.015,Sell
1594431439.7465,9263.5,0.048,Sell
1594431443.7539,9263.5,0.019,Sell
1594431448.3839,9263.5,0.005,Sell
1594431456.7618,9263.5,0.025,Sell
1594431458.7694,9263.5,0.775,Sell
1594431469.3923,9263.5,0.012,Sell
1594431469.7768,9263.5,0.001,Sell
1594431473.7843,9263.5,0.023,Sell
1594431481.3294,9264.0,0.001,Buy
1594431486.7917,9263.5,0.004,Sell
1594431488.7992,9263.5,0.643,Sell
1594431489.36,9263.5,0.001,Sell
1594431490.4007,9263.5,0.148,Sell
1594431499.8066,9263.5,0.621,Sell
1594431501.8139,9263.5,0.255,Sell
1594431509.4091,9263.5,0.083,Sell
1594431512.8215,9263.5,0.001,Sell
1594431514.829,9263.5,0.813,Sell
1594431525.8379,9263.5,0.116,Sell
1594431525.8379,9263.5,0.666,Sell
1594431527.8453,9263.5,0.901,Sell
1594431530.4176,9263.5,0.01,Sell
1594431538.8528,9263.5,0.497,Sell
1594431540.8605,9263.5,0.61,Sell
1594431541.3118,9264.0,0.001,Buy
1594431541.6659,9264.0,0.001,Buy
1594431549.6944,9263.5,0.001,Sell
1594431551.3432,9263.5,0.001,Sell
1594431551.4263,9263.5,0.187,Sell
1594431551.8681,9263.5,0.023,Sell
1594431553.8755,9263.5,0.069,Sell
1594431564.8832,9263.5,0.279,Sell
1594431568.8907,9263.5,0.227,Sell
1594431570.4348,9263.5,0.878,Sell
1594431581.8981,9263.5,0.991,Sell
1594431585.9057,9263.5,0.907,Sell
1594431591.4435,9263.5,0.816,Sell
1594431598.9135,9263.5,0.74,Sell
1594431600.9211,9263.5,0.018,Sell
1594431601.2706,9264.0,0.001,Buy
1594431608.3119,9263.5,0.001,Sell
1594431610.4523,9263.5,0.001,Sell
1594431611.9286,9263.5,0.251,Sell
1594431615.9362,9263.5,0.336,Sell
1594431628.9437,9263.5,0.415,Sell
1594431630.9514,9263.5,0.21,Sell
1594431631.4628,9263.5,0.047,Sell
1594431641.9594,9263.5,0.004,Sell
1594431643.9669,9263.5,0.026,Sell
1594431645.3843,9264.0,0.1,Buy
1594431645.4841,9264.0,0.1,Buy
1594431645.5841,9264.0,0.1,Buy
1594431650.4715,9263.5,0.248,Sell
1594431656.4842,9264.0,0.001,Buy
1594431656.4842,9264.0,0.001,Buy
1594431656.4842,9264.0,0.098,Buy
1594431656.5842,9264.0,0.1,Buy
1594431656.6842,9264.0,0.089,Buy
1594431656.6842,9264.0,0.011,Buy
1594431656.7841,9264.0,0.1,Buy
1594431656.8841,9264.0,0.002,Buy
1594431656.8841,9264.0,0.021,Buy
1594431656.9826,9264.5,0.002,Sell
1594431661.2525,9264.5,0.001,Sell
1594431667.99,9264.5,0.019,Sell
1594431669.2834,9265.0,0.001,Buy
1594431669.9974,9264.5,0.012,Sell
1594431671.4803,9264.5,0.061,Sell
1594431681.0049,9264.5,0.013,Sell
1594431685.0124,9264.5,0.005,Sell
1594431690.4889,9264.5,0.845,Sell
1594431698.02,9264.5,0.29,Sell
1594431700.0274,9264.5,0.661,Sell
1594431709.4974,9264.5,0.02,Sell
1594431711.035,9264.5,0.017,Sell
1594431715.0426,9264.5,0.996,Sell
1594431718.1843,9265.0,0.001,Buy
1594431718.1843,9265.0,0.002,Buy
1594431718.1843,9265.0,0.001,Buy
1594431718.1843,9265.0,0.001,Buy
1594431718.1843,9265.0,0.001,Buy
1594431718.2842,9266.0,0.002,Buy
1594431718.2842,9266.0,0.005,Buy
1594431718.2842,9266.0,0.001,Buy
1594431718.2842,9266.0,0.001,Buy
1594431718.2842,9266.0,0.007,Buy
1594431718.2842,9266.0,0.001,Buy
1594431718.3842,9267.0,0.001,Buy
1594431718.3842,9267.0,0.001,Buy
1594431718.3842,9267.0,0.002,Buy
1594431718.3842,9267.0,0.001,Buy
1594431718.4841,9268.0,0.001,Buy
1594431718.4841,9268.0,0.001,Buy
1594431718.4841,9268.0,0.005,Buy
1594431718.4841,9268.0,0.002,Buy
1594431718.4841,9268.0,0.088,Buy
1594431718.4841,9268.0,0.003,Buy
1594431718.5843,9268.0,0.1,Buy
1594431718.6842,9268.0,0.1,Buy
1594431718.7842,9268.0,0.1,Buy
1594431718.8842,9268.0,0.1,Buy
1594431718.9842,9268.0,0.098,Buy
1594431718.9842,9268.0,0.002,Buy
1594431719.0841,9268.0,0.1,Buy
1594431719.1843,9268.0,0.1,Buy
1594431719.2841,9268.0,0.001,Buy
1594431719.2841,9268.0,0.015,Buy
1594431719.2841,9268.0,0.001,Buy
1594431719.2841,9268.0,0.005,Buy
1594431719.2841,9268.0,0.001,Buy
1594431719.2841,9268.0,0.001,Buy
1594431719.2841,9268.0,0.005,Buy
1594431719.2841,9268.0,0.001,Buy
1594431720.4842,9269.0,0.001,Buy
1594431720.4842,9269.0,0.001,Buy
1594431720.4842,9269.0,0.002,Buy
1594431720.4842,9269.0,0.096,Buy
1594431720.5841,9269.0,0.1,Buy
1594431720.6842,9269.0,0.1,Buy
1594431720.7841,9269.0,0.1,Buy
1594431720.8842,9269.0,0.1,Buy
1594431720.9841,9269.0,0.1,Buy
1594431721.087,9269.0,0.1,Buy
1594431721.1842,9269.0,0.1,Buy
1594431721.2343,9268.5,0.001,Sell
1594431721.2842,9269.0,0.1,Buy
1594431721.3841,9269.0,0.1,Buy
1594431721.4843,9269.0,0.1,Buy
1594431721.5841,9269.0,0.1,Buy
1594431721.6847,9269.0,0.1,Buy
1594431721.7843,9269.0,0.1,Buy
1594431721.8851,9269.0,0.1,Buy
1594431721.9852,9269.0,0.1,Buy
1594431722.0848,9269.0,0.1,Buy
1594431722.1854,9269.0,0.1,Buy
1594431722.2848,9269.0,0.1,Buy
1594431722.3849,9269.0,0.091,Buy
1594431722.3849,9269.0,0.009,Buy
1594431722.4849,9269.0,0.1,Buy
1594431722.5858,9269.0,0.1,Buy
1594431722.6842,9269.0,0.1,Buy
1594431722.7842,9269.0,0.1,Buy
1594431722.8842,9269.0,0.1,Buy
1594431722.9841,9269.0,0.1,Buy
1594431723.0841,9269.0,0.1,Buy
1594431723.1842,9269.0,0.1,Buy
1594431728.0505,9268.5,0.39,Sell
1594431728.4843,9269.0,0.002,Buy
1594431728.5843,9269.5,0.048,Buy
1594431728.5843,9269.5,0.052,Buy
1594431728.6842,9269.5,0.051,Buy
1594431728.6842,9269.5,0.049,Buy
1594431728.7841,9269.5,0.1,Buy
1594431728.8842,9269.5,0.1,Buy
1594431728.9844,9269.5,0.1,Buy
1594431729.0841,9269.5,0.1,Buy
1594431729.1842,9269.5,0.1,Buy
1594431729.2843,9269.5,0.1,Buy
1594431729.3842,9269.5,0.1,Buy
1594431729.4842,9269.5,0.1,Buy
1594431729.5841,9269.5,0.1,Buy
1594431729.6842,9269.5,0.1,Buy
1594431729.7842,9269.5,0.1,Buy
1594431729.8841,9269.5,0.1,Buy
1594431729.9842,9269.5,0.1,Buy
1594431730.0841,9269.5,0.1,Buy
1594431730.1842,9269.5,0.1,Buy
1594431730.2841,9269.5,0.1,Buy
1594431730.3843,9269.5,0.1,Buy
1594431730.4843,9269.5,0.1,Buy
1594431730.5058,9269.0,0.017,Sell
1594431730.5844,9269.5,0.1,Buy
1594431730.6842,9269.5,0.1,Buy
1594431730.7841,9269.5,0.1,Buy
1594431730.8841,9269.5,0.1,Buy
1594431730.9842,9269.5,0.1,Buy
1594431731.0841,9269.5,0.1,Buy
1594431731.1841,9269.5,0.1,Buy
1594431731.2842,9269.5,0.1,Buy
1594431731.3841,9269.5,0.1,Buy
1594431731.4842,9269.5,0.1,Buy
1594431731.5841,9269.5,0.1,Buy
1594431731.6841,9269.5,0.1,Buy
1594431731.7841,9269.5,0.1,Buy
1594431731.8842,9269.5,0.1,Buy
1594431731.9841,9269.5,0.1,Buy
1594431732.0579,9269.0,0.019,Sell
1594431732.0841,9269.5,0.1,Buy
1594431732.1842,9269.5,0.1,Buy
1594431732.2842,9269.5,0.1,Buy
1594431732.3841,9269.5,0.1,Buy
1594431732.4843,9269.5,0.1,Buy
1594431733.2642,9269.5,0.001,Buy
1594431745.0655,9269.5,0.016,Sell
1594431749.0731,9269.5,0.015,Sell
1594431749.5144,9269.5,0.002,Sell
1594431762.0808,9269.5,0.018,Sell
1594431764.0883,9269.5,0.015,Sell
1594431768.5231,9269.5,0.566,Sell
1594431775.096,9269.5,0.005,Sell
1594431777.1035,9269.5,0.02,Sell
1594431781.6282,9270.0,0.001,Buy
1594431788.1112,9269.5,0.009,Sell
1594431789.5323,9269.5,0.884,Sell
1594431789.6615,9269.5,0.001,Sell
1594431790.1186,9269.5,0.001,Sell
1594431801.1262,9269.5,0.513,Sell
1594431803.1338,9269.5,0.023,Sell
1594431810.5408,9269.5,0.119,Sell
1594431814.1415,9269.5,0.001,Sell
1594431816.1488,9269.5,0.017,Sell
1594431827.1564,9269.5,0.24,Sell
1594431831.1643,9269.5,0.24,Sell
1594431831.5507,9269.5,0.506,Sell
1594431841.4533,9269.5,0.001,Sell
1594431842.926,9269.5,0.001,Sell
1594431844.1719,9269.5,0.012,Sell
1594431847.4839,9270.0,0.001,Buy
1594431847.9552,9270.0,0.001,Buy
1594431848.1795,9269.5,0.354,Sell
1594431850.5592,9269.5,0.989,Sell
1594431861.1871,9269.5,0.349,Sell
1594431865.1944,9269.5,0.023,Sell
1594431869.5678,9269.5,0.36,Sell
1594431869.5678,9269.5,0.196,Sell
1594431878.2018,9269.5,0.027,Sell
1594431880.2094,9269.5,0.583,Sell
1594431890.5762,9269.5,0.019,Sell
1594431891.2168,9269.5,0.023,Sell
1594431893.2244,9269.5,0.686,Sell
1594431901.6564,9269.5,0.001,Sell
1594431904.2319,9269.5,0.005,Sell
1594431908.2394,9269.5,0.013,Sell
1594431910.6902,9270.0,0.001,Buy
1594431911.5849,9269.5,0.027,Sell
1594431921.247,9269.5,0.78,Sell
1594431923.2546,9269.5,0.018,Sell
1594431930.5932,9269.5,0.019,Sell
1594431934.2624,9269.5,0.003,Sell
1594431938.2699,9269.5,0.023,Sell
1594431944.9841,9270.0,0.097,Buy
1594431944.9841,9270.0,0.001,Buy
1594431944.9841,9270.0,0.002,Buy
1594431945.0842,9270.0,0.099,Buy
1594431945.0842,9270.0,0.001,Buy
1594431945.1842,9270.0,0.001,Buy
1594431945.1842,9270.0,0.002,Buy
1594431945.1842,9270.0,0.002,Buy
1594431945.2842,9271.0,0.001,Buy
1594431945.2842,9271.0,0.001,Buy
1594431945.2842,9271.0,0.001,Buy
1594431945.2842,9271.0,0.002,Buy
1594431945.3842,9272.0,0.001,Buy
1594431945.3842,9272.0,0.098,Buy
1594431945.3842,9272.0,0.001,Buy
1594431945.4841,9272.0,0.002,Buy
1594431945.4841,9272.0,0.087,Buy
1594431945.4841,9272.0,0.005,Buy
1594431945.4841,9272.0,0.001,Buy
1594431945.4841,9272.0,0.001,Buy
1594431945.4841,9272.0,0.001,Buy
1594431945.4841,9272.0,0.002,Buy
1594431945.4841,9272.0,0.001,Buy
1594431945.5842,9272.0,0.021,Buy
1594431945.5842,9272.0,0.001,Buy
1594431945.5842,9272.0,0.009,Buy
1594431945.6842,9273.0,0.001,Buy
1594431945.6842,9273.0,0.002,Buy
1594431945.6842,9273.0,0.001,Buy
1594431945.6842,9273.0,0.092,Buy
1594431945.6842,9273.0,0.001,Buy
1594431945.6842,9273.0,0.002,Buy
1594431945.6842,9273.0,0.001,Buy
1594431945.7841,9273.0,0.1,Buy
1594431945.8841,9273.0,0.1,Buy
1594431945.9841,9273.0,0.1,Buy
1594431946.0843,9273.0,0.1,Buy
1594431946.1841,9273.0,0.09,Buy
1594431946.1841,9273.0,0.002,Buy
1594431946.1841,9273.0,0.008,Buy
1594431946.2841,9273.0,0.1,Buy
1594431946.3841,9273.0,0.1,Buy
1594431946.4842,9273.0,0.1,Buy
1594431946.5843,9273.0,0.1,Buy
1594431946.6842,9273.0,0.1,Buy
1594431946.7841,9273.0,0.1,Buy
1594431946.8842,9273.0,0.1,Buy
1594431946.9842,9273.0,0.1,Buy
1594431947.0842,9273.0,0.1,Buy
1594431947.1841,9273.0,0.1,Buy
1594431947.2841,9273.0,0.1,Buy
1594431947.3842,9273.0,0.1,Buy
1594431947.4841,9273.0,0.1,Buy
1594431947.5843,9273.0,0.054,Buy
1594431947.5843,9273.0,0.046,Buy
1594431947.6842,9273.0,0.008,Buy
1594431947.6842,9273.0,0.092,Buy
1594431947.7841,9273.0,0.1,Buy
1594431947.8843,9273.0,0.001,Buy
1594431947.8843,9273.0,0.081,Buy
1594431947.8843,9273.0,0.001,Buy
1594431947.8843,9273.0,0.015,Buy
1594431949.6016,9273.0,0.013,Sell
1594431951.2778,9273.0,0.023,Sell
1594431955.2853,9273.0,0.018,Sell
1594431961.2384,9273.5,0.001,Buy
1594431968.2926,9273.0,0.471,Sell
1594431968.6101,9273.0,0.987,Sell
1594431969.2702,9273.0,0.001,Sell
1594431970.3004,9273.0,0.013,Sell
1594432021.2255,9273.5,0.001,Buy
1594432024.7538,9273.5,0.001,Buy
1594432029.2538,9273.0,0.001,Sell
1594432043.2494,9273.5,0.003,Buy
1594432043.2494,9273.5,0.256,Buy
1594432067.5844,9273.0,0.245,Sell
1594432081.4983,9273.5,0.001,Buy
1594432086.5949,9273.0,0.001,Sell
1594432087.5807,9272.5,0.001,Sell
1594432087.5807,9272.5,0.001,Sell
1594432091.5313,9272.0,0.001,Sell
1594432097.3408,9272.0,0.002,Sell
1594432097.3408,9272.0,0.001,Sell
1594432097.3408,9272.0,0.015,Sell
1594432114.9813,9271.5,0.001,Sell
1594432141.8764,9271.5,0.001,Sell
1594432149.9127,9272.0,0.001,Buy
1594432173.3626,9271.5,0.001,Sell
1594432173.3626,9271.5,0.015,Sell
1594432173.3626,9271.5,0.001,Sell
1594432173.3626,9271.5,0.005,Sell
1594432173.3626,9271.5,0.001,Sell
1594432173.3626,9271.5,0.001,Sell
1594432173.3626,9271.5,2.144,Sell
1594432200.3117,9270.5,0.205,Sell
1594432200.3117,9270.5,0.001,Sell
1594432200.3117,9270.5,0.001,Sell
1594432200.3117,9271.0,0.009,Sell
1594432200.3117,9271.0,0.002,Sell
1594432200.3117,9271.0,0.001,Sell
1594432200.3117,9271.0,0.008,Sell
1594432201.2956,9271.0,0.001,Buy
1594432202.5541,9270.5,0.001,Sell
1594432208.3293,9270.5,0.001,Sell
1594432214.5969,9271.0,0.001,Buy
1594432231.2516,9270.0,0.001,Sell
1594432231.2516,9270.5,0.001,Sell
1594432231.2516,9270.5,0.001,Sell
1594432231.2516,9270.0,0.013,Sell
1594432231.2516,9270.5,0.001,Sell
1594432321.2525,9270.5,0.001,Buy
1594432321.8483,9270.0,0.001,Sell
1594432326.8776,9270.5,0.001,Buy
1594432329.2922,9270.0,0.001,Sell
1594432391.6663,9270.0,0.001,Sell
1594432391.6663,9270.0,0.001,Sell
1594432391.6663,9269.5,0.034,Sell
1594432391.6663,9269.5,0.95,Sell
1594432391.6663,9269.5,0.001,Sell
1594432391.6663,9270.0,0.009,Sell
1594432391.6663,9270.0,0.001,Sell
1594432391.6663,9270.0,0.001,Sell
1594432391.6663,9270.0,0.001,Sell
1594432391.6663,9270.0,0.001,Sell
1594432412.1589,9269.5,0.028,Buy
1594432420.4096,9269.5,0.014,Buy
1594432428.3489,9269.0,0.001,Sell
1594432428.3489,9269.0,0.006,Sell
1594432441.2119,9269.5,0.001,Buy
1594432441.4882,9269.0,0.001,Sell
1594432447.519,9269.5,0.001,Buy
1594432449.2456,9269.0,0.001,Sell
1594432457.6913,9270.0,0.001,Buy
1594432457.6913,9269.5,0.001,Buy
1594432457.6913,9270.0,0.237,Buy
1594432457.6913,9269.5,0.001,Buy
1594432457.7842,9270.0,0.1,Buy
1594432457.8859,9270.0,0.1,Buy
1594432457.9844,9270.0,0.1,Buy
1594432458.0841,9270.0,0.1,Buy
1594432458.1841,9270.0,0.1,Buy
1594432458.2842,9270.0,0.1,Buy
1594432458.3841,9270.0,0.1,Buy
1594432458.4841,9270.0,0.1,Buy
1594432458.5841,9270.0,0.1,Buy
1594432458.6842,9270.0,0.063,Buy
1594432458.6842,9270.0,0.002,Buy
1594432458.6842,9270.0,0.001,Buy
1594432458.7842,9271.0,0.001,Buy
1594432458.7842,9271.0,0.001,Buy
1594432458.7842,9271.0,0.001,Buy
1594432458.7842,9271.0,0.001,Buy
1594432458.7842,9271.0,0.003,Buy
1594432458.7842,9271.0,0.002,Buy
1594432458.7842,9271.0,0.001,Buy
1594432458.8841,9271.5,0.005,Buy
1594432458.9842,9272.0,0.001,Buy
1594432458.9842,9272.0,0.099,Buy
1594432459.0842,9272.0,0.1,Buy
1594432459.1841,9272.0,0.1,Buy
1594432459.2841,9272.0,0.1,Buy
1594432459.3841,9272.0,0.1,Buy
1594432459.4839,9272.0,0.1,Buy
1594432459.5841,9272.0,0.1,Buy
1594432459.6841,9272.0,0.1,Buy
1594432459.7841,9272.0,0.1,Buy
1594432459.8843,9272.0,0.099,Buy
1594432459.8843,9272.0,0.001,Buy
1594432460.7843,9271.5,0.012,Sell
1594432461.8352,9272.0,0.001,Buy
1594432461.8352,9273.0,0.001,Buy
1594432461.8352,9272.0,0.001,Buy
1594432461.8352,9272.0,0.001,Buy
1594432461.8352,9272.0,0.009,Buy
1594432461.8352,9272.0,0.002,Buy
1594432461.8352,9272.5,0.001,Buy
1594432461.8352,9273.0,0.001,Buy
1594432461.8352,9273.0,0.001,Buy
1594432461.8352,9273.0,0.093,Buy
1594432461.8352,9272.0,0.001,Buy
1594432461.8352,9272.0,0.015,Buy
1594432461.8352,9272.0,0.009,Buy
1594432461.8352,9272.0,0.001,Buy
1594432461.8352,9272.0,0.001,Buy
1594432461.8352,9272.0,0.101,Buy
1594432461.8352,9272.0,0.001,Buy
1594432471.822,9273.0,0.014,Buy
1594432471.822,9273.0,0.008,Buy
1594432471.822,9273.0,0.001,Buy
1594432471.822,9273.0,0.002,Buy
1594432471.822,9273.0,0.007,Buy
1594432471.822,9273.0,0.005,Buy
1594432492.3209,9273.0,0.002,Buy
1594432501.4479,9273.0,0.001,Buy
1594432509.4784,9272.5,0.001,Sell
1594432542.7628,9272.5,0.002,Sell
1594432551.5203,9272.5,0.128,Sell
1594432551.5203,9272.5,0.007,Sell
1594432554.8743,9272.5,0.183,Sell
1594432556.8825,9272.5,0.006,Sell
1594432562.15,9272.5,0.001,Sell
1594432564.5503,9273.0,0.307,Buy
1594432571.194,9273.0,0.001,Buy
1594432597.7359,9274.0,0.001,Buy
1594432597.7359,9273.5,0.001,Buy
1594432597.7359,9273.5,0.001,Buy
1594432597.7359,9273.5,0.001,Buy
1594432597.7359,9273.5,0.001,Buy
1594432597.7359,9274.0,0.001,Buy
1594432597.7359,9274.0,1.0,Buy
1594432597.7359,9274.0,0.002,Buy
1594432597.7359,9273.5,0.001,Buy
1594432597.7359,9273.0,0.001,Buy
1594432597.7359,9275.0,0.034,Buy
1594432597.7359,9273.0,0.1,Buy
1594432597.7359,9274.0,0.5,Buy
1594432597.7359,9275.0,0.001,Buy
1594432597.7359,9275.0,0.001,Buy
1594432597.7359,9275.0,0.001,Buy
1594432597.7359,9275.0,1.0,Buy
1594432597.7359,9275.0,0.005,Buy
1594432597.7359,9275.0,3.345,Buy
1594432597.7359,9273.0,0.001,Buy
1594432597.7359,9274.0,0.002,Buy
1594432608.0355,9275.0,0.002,Buy
1594432608.0355,9275.0,0.31,Buy
1594432613.4014,9275.0,0.227,Buy
1594432621.5076,9274.5,0.001,Sell
1594432621.5515,9275.0,0.001,Buy
1594432622.4542,9275.0,0.207,Buy
1594432629.5413,9275.0,0.001,Buy
1594432631.5817,9274.5,0.001,Sell
1594432645.1405,9279.0,0.002,Buy
1594432645.1405,9279.0,0.005,Buy
1594432645.1405,9279.0,0.02,Buy
1594432645.1405,9279.0,1.0,Buy
1594432645.1405,9279.0,0.001,Buy
1594432645.1405,9279.0,0.001,Buy
1594432645.1405,9282.0,0.001,Buy
1594432645.1405,9279.0,0.001,Buy
1594432645.1405,9278.0,0.002,Buy
1594432645.1405,9278.0,0.001,Buy
1594432645.1405,9278.0,0.001,Buy
1594432645.1405,9278.0,0.001,Buy
1594432645.1405,9278.0,0.001,Buy
1594432645.1405,9277.0,0.001,Buy
1594432645.1405,9277.0,0.002,Buy
1594432645.1405,9279.5,0.3,Buy
1594432645.1405,9279.5,0.05,Buy
1594432645.1405,9280.0,0.005,Buy
1594432645.1405,9280.0,0.3,Buy
1594432645.1405,9281.0,0.001,Buy
1594432645.1405,9281.0,0.002,Buy
1594432645.1405,9281.0,0.006,Buy
1594432645.1405,9281.0,0.001,Buy
1594432645.1405,9281.0,0.001,Buy
1594432645.1405,9280.5,0.025,Buy
1594432645.1405,9280.0,0.001,Buy
1594432645.1405,9280.0,0.032,Buy
1594432645.1405,9280.0,0.2,Buy
1594432645.1405,9280.0,0.025,Buy
1594432645.1405,9280.0,0.001,Buy
1594432645.1405,9280.0,0.001,Buy
1594432645.1405,9280.0,0.001,Buy
1594432645.1405,9277.0,0.01,Buy
1594432645.1405,9280.0,1.5,Buy
1594432645.1405,9277.0,0.01,Buy
1594432645.1405,9277.0,0.01,Buy
1594432645.1405,9277.0,0.005,Buy
1594432645.1405,9282.0,0.001,Buy
1594432645.1405,9282.0,0.001,Buy
1594432645.1405,9281.0,0.005,Buy
1594432645.1405,9282.0,0.002,Buy
1594432645.1405,9282.0,0.2,Buy
1594432645.1405,9282.0,0.05,Buy
1594432645.1405,9282.0,4.243,Buy
1594432645.1405,9275.0,0.108,Buy
1594432645.1405,9275.0,0.081,Buy
1594432645.1405,9275.0,0.015,Buy
1594432645.1405,9275.0,0.002,Buy
1594432645.1405,9275.0,0.001,Buy
1594432645.1405,9275.0,0.001,Buy
1594432645.1405,9275.0,0.008,Buy
1594432645.1405,9277.0,0.001,Buy
1594432645.1405,9275.5,0.18,Buy
1594432645.1405,9275.5,0.001,Buy
1594432645.1405,9281.5,1.0,Buy
1594432645.1405,9277.0,0.001,Buy
1594432645.1405,9277.0,0.001,Buy
1594432645.1405,9277.0,0.001,Buy
1594432645.1405,9277.0,0.001,Buy
1594432645.1405,9276.5,1.0,Buy
1594432645.1405,9276.0,0.002,Buy
1594432645.1405,9275.5,0.242,Buy
1594432645.1405,9281.0,1.268,Buy
1594432645.1405,9276.0,0.1,Buy
1594432645.1405,9276.0,0.001,Buy
1594432645.1405,9276.0,0.001,Buy
1594432645.1405,9276.0,0.001,Buy
1594432645.1405,9276.0,0.001,Buy
1594432645.1405,9276.0,0.001,Buy
1594432645.1405,9275.5,0.001,Buy
1594432645.1482,9282.0,0.6,Buy
1594432648.901,9278.5,0.542,Sell
1594432653.779,9279.0,0.001,Buy
1594432653.9812,9278.5,0.919,Sell
1594432654.596,9279.0,0.001,Buy
1594432654.8478,9279.0,0.001,Buy
1594432655.9887,9278.5,0.679,Sell
1594432666.9962,9278.5,0.423,Sell
1594432669.9096,9278.5,0.013,Sell
1594432671.0036,9278.5,0.124,Sell
1594432671.0036,9278.5,0.167,Sell
1594432681.3983,9278.5,0.001,Sell
1594432684.0113,9278.5,0.004,Sell
1594432686.0188,9278.5,0.019,Sell
1594432690.9182,9278.5,0.312,Sell
1594432693.4779,9279.0,0.001,Buy
1594432697.0264,9278.5,0.002,Sell
1594432699.034,9278.5,0.024,Sell
1594432707.5312,9279.0,0.048,Buy
1594432710.0417,9278.5,0.548,Sell
1594432711.9271,9278.5,0.156,Sell
1594432712.0491,9278.5,0.016,Sell
1594432801.8924,9279.0,0.001,Buy
1594432808.9355,9278.5,0.001,Sell
1594432861.356,9278.5,0.001,Sell
1594432861.5441,9278.5,0.001,Sell
1594432864.8124,9279.0,0.063,Buy
1594432869.5795,9279.0,0.001,Buy
1594432870.3982,9279.0,0.001,Buy
1594432916.1339,9279.0,0.199,Buy
1594432921.207,9278.5,0.001,Sell
1594432931.7857,9279.0,0.001,Buy
1594432931.7857,9279.0,0.001,Buy
1594432931.7857,9279.0,0.001,Buy
1594432931.7857,9279.0,0.001,Buy
1594432931.7857,9279.0,0.001,Buy
1594432931.7857,9279.0,0.001,Buy
1594432931.7857,9279.0,0.091,Buy
1594432931.7857,9279.0,0.001,Buy
1594432931.7857,9279.0,0.001,Buy
1594432931.7857,9279.0,0.001,Buy
1594432931.8842,9279.0,0.002,Buy
1594432931.8842,9279.0,0.001,Buy
1594432931.8842,9279.0,0.005,Buy
1594432931.8842,9279.0,0.001,Buy
1594432931.8842,9279.0,0.005,Buy
1594432931.8842,9279.0,0.017,Buy
1594432931.9841,9279.5,0.1,Buy
1594432932.0843,9279.5,0.001,Buy
1594432932.0843,9279.5,0.001,Buy
1594432932.1841,9280.0,0.001,Buy
1594432932.1841,9280.0,0.002,Buy
1594432932.7843,9281.0,0.001,Buy
1594432932.7843,9281.0,0.094,Buy
1594432932.7843,9281.0,0.005,Buy
1594432932.8842,9281.0,0.002,Buy
1594432932.8842,9281.0,0.215,Buy
1594432932.8842,9281.0,0.009,Buy
1594432932.8842,9281.0,0.108,Buy
1594432932.8842,9281.0,0.001,Buy
1594432932.8842,9281.0,0.106,Buy
1594432933.0243,9281.5,0.011,Sell
1594432933.2417,9282.0,0.001,Buy
1594432940.5395,9282.0,0.009,Buy
1594432940.5395,9282.0,0.3,Buy
1594432940.5395,9283.0,0.52,Buy
1594432940.5395,9283.0,0.001,Buy
1594432940.5395,9283.0,0.001,Buy
1594432940.5395,9282.5,0.005,Buy
1594432940.5395,9282.0,1.156,Buy
1594432940.5395,9282.0,0.006,Buy
1594432940.5395,9282.0,0.001,Buy
1594432940.5395,9282.0,0.001,Buy
1594432940.5525,9283.0,0.02,Buy
1594432969.2492,9282.5,0.001,Sell
1594432969.2492,9282.5,0.001,Sell
1594432969.2492,9282.5,0.002,Sell
1594432969.2492,9282.5,0.001,Sell
1594432969.2492,9282.0,3.994,Sell
1594432969.2492,9282.5,0.001,Sell
1594432970.3229,9282.0,0.837,Sell
1594432982.0304,9282.5,0.007,Buy
1594432982.0609,9282.5,0.001,Buy
1594432984.8162,9282.5,0.002,Buy
1594432984.8162,9282.5,0.197,Buy
1594432992.1001,9282.0,0.001,Sell
1594432996.9765,9281.5,0.006,Sell
1594432996.9765,9282.0,0.007,Sell
1594432996.9765,9282.0,0.001,Sell
1594432996.9765,9282.0,0.002,Sell
1594433000.7275,9282.0,0.029,Buy
1594433000.7275,9282.0,0.01,Buy
1594433041.5559,9281.5,0.001,Sell
1594433043.0455,9281.5,0.001,Sell
1594433045.7973,9280.5,0.001,Sell
1594433045.7973,9281.0,0.002,Sell
1594433045.7973,9281.0,0.001,Sell
1594433045.7973,9281.5,0.001,Sell
1594433045.7973,9281.5,0.001,Sell
1594433045.7973,9281.5,0.009,Sell
1594433045.7973,9281.5,0.001,Sell
1594433045.7973,9280.5,0.001,Sell
1594433045.7973,9280.5,0.099,Sell
1594433046.588,9280.5,0.001,Buy
1594433049.0768,9280.5,0.001,Buy
1594433088.9545,9280.5,0.094,Buy
1594433101.5041,9280.0,0.001,Sell
1594433101.5041,9280.0,0.005,Sell
1594433101.5041,9280.0,0.001,Sell
1594433101.5041,9280.0,0.001,Sell
1594433101.5041,9280.0,0.002,Sell
1594433101.5041,9280.0,0.001,Sell
1594433101.5041,9280.0,0.009,Sell
1594433106.9902,9278.5,0.001,Sell
1594433106.9902,9278.5,0.001,Sell
1594433106.9902,9278.5,0.001,Sell
1594433106.9902,9278.5,0.001,Sell
1594433106.9902,9278.5,0.001,Sell
1594433106.9902,9278.5,0.001,Sell
1594433106.9902,9278.5,0.001,Sell
1594433106.9902,9278.5,0.102,Sell
1594433106.9902,9279.0,0.002,Sell
1594433106.9902,9279.0,0.001,Sell
1594433106.9902,9278.5,0.001,Sell
1594433106.9902,9279.5,0.001,Sell
1594433107.6385,9278.5,0.096,Buy
1594433161.4747,9278.5,0.001,Buy
1594433169.5055,9278.0,0.001,Sell
1594433169.5113,9278.0,0.001,Sell
1594433169.5113,9278.0,0.001,Sell
1594433169.5113,9278.0,0.001,Sell
1594433169.5113,9278.0,0.001,Sell
1594433169.5113,9278.0,0.001,Sell
1594433169.5113,9278.0,0.001,Sell
1594433169.5113,9278.0,0.001,Sell
1594433169.5113,9277.5,0.209,Sell
1594433169.5113,9278.0,0.002,Sell
1594433169.5113,9277.5,0.001,Sell
1594433170.5281,9277.5,0.003,Sell
1594433171.127,9277.5,0.023,Sell
1594433174.5357,9277.5,0.007,Sell
1594433221.9446,9278.0,0.001,Buy
1594433221.9502,9278.0,0.001,Buy
1594433229.9812,9277.5,0.001,Sell
1594433229.9829,9277.5,0.001,Sell
1594433316.4348,9277.5,0.001,Sell
1594433341.2936,9277.5,0.001,Sell
1594433349.3308,9277.5,0.001,Buy
1594433401.5489,9277.0,0.001,Sell
1594433402.0104,9277.5,0.001,Buy
1594433409.0433,9277.0,0.001,Sell
1594433413.5797,9277.5,0.001,Buy
1594433427.8007,9277.5,0.1,Buy
1594433521.2463,9277.5,0.001,Buy
1594433521.3457,9277.0,0.001,Sell
1594433521.9277,9277.0,0.001,Sell
1594433526.3768,9277.5,0.001,Buy
1594433526.8803,9277.5,0.03,Buy
1594433528.2831,9277.5,0.022,Buy
1594433528.8874,9277.5,0.775,Buy
1594433530.96,9277.5,0.001,Buy
1594433531.2779,9277.0,0.001,Sell
1594433536.1858,9277.5,0.419,Buy
1594433540.895,9277.5,0.054,Buy
1594433544.9023,9277.5,0.684,Buy
1594433547.2914,9277.5,0.013,Buy
1594433557.9099,9277.5,0.005,Buy
1594433561.9174,9277.5,0.023,Buy
1594433566.1858,9277.5,0.815,Buy
1594433566.3002,9277.5,0.026,Buy
1594433573.9251,9277.5,0.024,Buy
1594433585.3088,9277.5,0.63,Buy
1594433586.9386,9277.5,0.868,Buy
1594433600.9522,9277.5,0.716,Buy
1594433605.3173,9277.5,0.057,Buy
1594433605.3173,9277.5,0.483,Buy
1594433612.9658,9277.5,0.012,Buy
1594433626.4215,9277.0,0.01,Buy
1594433633.0136,9277.0,0.01,Buy
1594433634.2375,9276.0,0.015,Sell
1594433634.2375,9276.0,0.001,Sell
1594433634.2375,9276.5,0.001,Sell
1594433634.2375,9276.5,0.001,Sell
1594433634.2375,9276.5,0.001,Sell
1594433635.7944,9276.0,0.134,Sell
1594433641.3698,9276.0,0.001,Sell
1594433642.0155,9276.5,0.001,Buy
1594433647.3179,9276.5,0.009,Buy
1594433647.3179,9276.5,0.001,Buy
1594433647.3998,9276.5,0.001,Buy
1594433650.0561,9276.0,0.001,Sell
1594433701.4619,9276.5,0.001,Buy
1594433709.4947,9276.0,0.001,Sell
1594433759.5971,9276.0,0.3,Sell
1594433759.5971,9276.0,0.009,Sell
1594433759.5971,9276.0,0.001,Sell
1594433759.5971,9276.0,0.017,Sell
1594433759.5971,9276.0,0.05,Sell
1594433759.5971,9276.0,0.05,Sell
1594433759.7218,9275.5,0.001,Sell
1594433759.9068,9275.0,0.002,Sell
1594433759.9068,9275.0,1.0,Sell
1594433759.9068,9275.0,0.9,Sell
1594433759.9068,9275.0,0.001,Sell
1594433760.3293,9274.5,0.002,Sell
1594433760.3293,9274.5,0.002,Sell
1594433760.3293,9274.5,0.001,Sell
1594433760.3293,9274.5,0.001,Sell
1594433761.9702,9274.5,0.001,Buy
1594433770.0075,9274.0,0.001,Sell
1594433781.7855,9274.0,0.005,Sell
1594433781.7855,9274.0,0.002,Sell
1594433781.7855,9274.0,0.005,Sell
1594433781.7855,9274.0,0.288,Sell
1594433781.9014,9273.5,0.016,Sell
1594433781.9014,9273.5,0.001,Sell
1594433781.9014,9273.5,0.064,Sell
1594433781.9014,9273.5,0.006,Sell
1594433781.9014,9273.5,0.001,Sell
1594433781.9014,9274.0,0.212,Sell
1594433782.3958,9273.5,0.397,Sell
1594433791.1404,9273.5,0.028,Sell
1594433795.1478,9273.5,0.077,Sell
1594433801.4042,9273.5,0.022,Sell
1594433808.9333,9273.5,0.001,Sell
1594433808.9333,9273.5,0.001,Sell
1594433808.9333,9273.5,0.008,Sell
1594433822.1035,9273.0,0.001,Sell
1594433830.1347,9273.5,0.001,Buy
1594433882.4462,9273.0,0.001,Sell
1594433894.486,9273.5,0.001,Buy
1594433949.6912,9273.0,0.002,Sell
1594433949.6912,9272.5,0.001,Sell
1594433949.6912,9272.5,0.001,Sell
1594433949.6912,9272.5,0.172,Sell
1594433949.6912,9273.0,0.001,Sell
1594433962.7174,9272.0,0.075,Sell
1594433962.7174,9272.0,0.1,Sell
1594433962.7174,9272.0,0.001,Sell
1594433962.7174,9272.0,0.003,Sell
1594433962.7174,9272.0,0.001,Sell
1594433968.9769,9271.5,4.65,Sell
1594433968.9769,9271.5,0.005,Sell
1594433968.9769,9271.5,0.67,Sell
1594433968.9769,9270.5,0.001,Sell
1594433968.9769,9271.0,0.002,Sell
1594433968.9769,9271.0,7.42,Sell
1594433968.9769,9271.0,5.32,Sell
1594433968.9769,9271.5,0.95,Sell
1594433968.9769,9271.0,0.001,Sell
1594433968.9769,9271.0,0.001,Sell
1594433968.9769,9271.5,6.47,Sell
1594433968.9769,9271.5,0.001,Sell
1594433968.9769,9272.0,0.001,Sell
1594433968.9769,9270.0,0.68,Sell
1594433968.9769,9272.0,0.015,Sell
1594433968.9769,9270.0,0.002,Sell
1594433968.9769,9270.0,4.16,Sell
1594433968.9769,9270.0,3.98,Sell
1594433968.9769,9270.0,1.69,Sell
1594433968.9769,9270.0,0.18,Sell
1594433968.9769,9272.0,0.001,Sell
1594433968.9769,9270.5,0.95,Sell
1594433968.9769,9270.0,0.001,Sell
1594433968.9769,9270.5,0.67,Sell
1594433968.9769,9270.5,0.001,Sell
1594433968.9769,9272.0,0.067,Sell
1594433968.9769,9272.0,0.002,Sell
1594433968.9769,9272.0,0.005,Sell
1594433968.9769,9270.0,0.001,Sell
1594433968.9844,9269.5,0.005,Sell
1594433968.9844,9269.5,0.09,Sell
1594433968.9844,9269.5,0.001,Sell
1594434002.5569,9270.0,0.001,Buy
1594434002.5621,9269.5,0.001,Sell
1594434007.6052,9270.0,0.001,Buy
1594434009.5993,9269.5,0.001,Sell
1594434055.7104,9269.5,0.001,Sell
1594434055.7104,9269.0,0.511,Sell
1594434055.7104,9269.0,0.001,Sell
1594434055.7104,9269.0,0.02,Sell
1594434055.7104,9269.0,0.001,Sell
1594434055.7104,9269.0,0.001,Sell
1594434055.7104,9269.5,0.001,Sell
1594434055.7104,9269.5,0.015,Sell
1594434055.7104,9269.5,0.009,Sell
1594434055.7104,9269.5,0.001,Sell
1594434055.7104,9269.5,0.001,Sell
1594434055.7104,9269.5,0.001,Sell
1594434055.7104,9269.5,0.001,Sell
1594434061.5401,9269.5,0.001,Buy
1594434071.5739,9269.0,0.001,Sell
1594434122.1004,9269.5,0.001,Buy
1594434130.1335,9269.0,0.001,Sell
1594434145.8452,9269.0,0.001,Sell
1594434162.4031,9268.5,0.001,Sell
1594434162.4031,9268.5,0.001,Sell
1594434162.4031,9268.5,0.002,Sell
1594434162.4031,9268.5,0.081,Sell
1594434162.4031,9268.5,0.054,Sell
1594434162.4031,9268.0,0.001,Sell
1594434162.4031,9268.0,0.002,Sell
1594434162.4031,9268.0,0.802,Sell
1594434162.4031,9268.5,0.001,Sell
1594434162.4031,9268.5,0.054,Sell
1594434162.4031,9268.5,0.001,Sell
1594434181.3426,9268.0,0.001,Sell
1594434181.4572,9268.5,0.001,Buy
1594434184.8396,9267.0,0.67,Sell
1594434184.8396,9267.0,0.95,Sell
1594434184.8396,9267.0,1.01,Sell
1594434184.8396,9267.0,4.65,Sell
1594434184.8396,9267.0,6.47,Sell
1594434184.8396,9267.0,0.002,Sell
1594434184.8396,9266.5,0.001,Sell
1594434184.8396,9267.0,0.03,Sell
1594434184.8396,9266.5,0.005,Sell
1594434184.8396,9266.5,0.95,Sell
1594434184.8396,9266.5,0.67,Sell
1594434184.8396,9266.5,0.001,Sell
1594434184.8396,9266.5,0.005,Sell
1594434184.8396,9266.5,4.0,Sell
1594434184.8396,9266.5,0.2,Sell
1594434184.8396,9266.5,0.067,Sell
1594434184.8396,9266.0,0.001,Sell
1594434184.8396,9267.0,0.003,Sell
1594434184.8396,9266.0,0.68,Sell
1594434184.8396,9267.5,0.5,Sell
1594434184.8396,9266.0,1.69,Sell
1594434184.8396,9266.0,4.0,Sell
1594434184.8396,9266.0,0.001,Sell
1594434184.8396,9266.0,0.518,Sell
1594434184.8396,9267.0,0.001,Sell
1594434184.8396,9268.0,0.08,Sell
1594434184.8396,9266.0,0.1,Sell
1594434184.8396,9268.0,0.001,Sell
1594434184.8396,9267.5,0.001,Sell
1594434184.8396,9267.5,0.67,Sell
1594434184.8396,9267.5,0.95,Sell
1594434184.8396,9267.5,4.65,Sell
1594434184.8396,9267.5,6.47,Sell
1594434184.8396,9268.0,0.001,Sell
1594434184.8396,9266.0,0.002,Sell
1594434189.4923,9266.0,0.001,Sell
1594434190.3727,9266.5,0.001,Buy
1594434207.1742,9266.0,0.013,Sell
1594434207.1742,9266.0,0.299,Sell
1594434220.1907,9266.0,5.3,Sell
1594434220.1907,9266.0,0.001,Sell
1594434220.1907,9266.0,0.5,Sell
1594434220.1907,9266.0,0.005,Sell
1594434220.1907,9266.0,2.265,Sell
1594434220.1907,9266.0,0.002,Sell
1594434220.1907,9266.0,0.006,Sell
1594434220.1907,9266.0,3.528,Sell
1594434220.1907,9266.0,0.001,Sell
1594434220.1907,9266.0,0.215,Sell
1594434220.1907,9266.0,0.001,Sell
1594434220.1907,9266.0,3.176,Sell
1594434241.2407,9265.5,0.001,Sell
1594434247.2763,9266.0,0.001,Buy
1594434273.0842,9266.0,0.2,Buy
1594434273.1842,9266.0,0.2,Buy
1594434273.2842,9266.0,0.005,Buy
1594434278.4842,9266.5,0.1,Buy
1594434278.5841,9266.5,0.1,Buy
1594434278.6842,9266.5,0.099,Buy
1594434278.6842,9266.5,0.001,Buy
1594434281.643,9266.0,0.155,Sell
1594434283.2188,9267.0,0.001,Buy
1594434283.2188,9267.0,0.001,Buy
1594434283.2188,9266.5,0.002,Buy
1594434283.2188,9268.5,0.084,Buy
1594434283.2188,9268.0,0.001,Buy
1594434283.2188,9268.0,0.001,Buy
1594434283.2188,9268.0,0.002,Buy
1594434283.2188,9268.5,0.005,Buy
1594434283.2188,9267.0,0.001,Buy
1594434283.2188,9267.0,0.002,Buy
1594434301.2665,9268.5,0.001,Sell
1594434301.9001,9269.0,0.001,Buy
1594434309.2975,9269.0,0.001,Buy
1594434309.9335,9268.5,0.001,Sell
1594434336.6511,9268.5,0.016,Sell
1594434361.2591,9268.5,0.001,Sell
1594434373.2912,9269.0,0.001,Buy
1594434481.4741,9268.5,0.001,Sell
1594434486.5081,9269.0,0.001,Buy
1594434601.5652,9269.0,0.064,Buy
1594434601.7535,9269.0,0.001,Buy
1594434603.1707,9269.0,0.001,Buy
1594434603.2662,9269.0,0.001,Buy
1594434604.0673,9269.0,0.11,Buy
1594434609.7839,9268.5,0.001,Sell
1594434610.3004,9268.5,0.001,Sell
1594434613.2049,9268.5,0.001,Sell
1594434630.6878,9268.5,0.043,Sell
1594434661.6721,9269.0,0.001,Buy
1594434663.3687,9268.5,0.001,Sell
1594434663.3687,9268.5,0.108,Sell
1594434663.3687,9268.5,0.001,Sell
1594434663.3687,9268.5,0.009,Sell
1594434663.3687,9268.5,0.001,Sell
1594434663.3687,9268.0,2.05,Sell
1594434663.3687,9268.5,0.001,Sell
1594434668.0449,9267.5,0.001,Sell
1594434668.0449,9267.0,0.002,Sell
1594434668.0449,9267.0,0.001,Sell
1594434668.0449,9267.0,0.012,Sell
1594434669.7033,9266.5,0.001,Sell
1594434771.345,9266.5,0.057,Sell
1594434771.345,9266.5,0.001,Sell
1594434771.345,9266.5,0.001,Sell
1594434772.6432,9266.5,0.144,Sell
1594434775.1528,9266.5,0.286,Sell
1594434775.8146,9266.5,0.025,Sell
1594434781.701,9266.5,0.001,Sell
1594434786.1589,9266.5,0.013,Sell
1594434789.7338,9267.0,0.001,Buy
1594434790.1665,9266.5,0.061,Sell
1594434796.1859,9266.5,0.026,Sell
1594434796.8231,9266.5,0.001,Sell
1594434801.1727,9266.5,0.013,Sell
1594434803.1801,9266.5,0.105,Sell
1594434813.1862,9266.5,0.001,Sell
1594434815.1936,9266.5,0.372,Sell
1594434816.1973,9266.5,0.023,Sell
1594434817.8319,9266.5,0.018,Sell
1594434826.1859,9266.5,0.941,Sell
1594434826.2011,9266.5,0.018,Sell
1594434828.2086,9266.5,0.017,Sell
1594434836.8405,9266.5,0.01,Sell
1594434838.2147,9266.5,0.015,Sell
1594434841.4077,9267.0,0.001,Buy
1594434841.4188,9266.5,0.001,Sell
1594434841.7664,9266.5,0.001,Sell
1594434842.1153,9266.5,0.001,Sell
1594434842.2222,9266.5,0.142,Sell
1594434844.2261,9266.5,0.065,Sell
1594434847.4572,9267.0,0.001,Buy
1594434849.4395,9266.5,0.001,Sell
1594434851.1516,9267.0,0.001,Buy
1594434853.8007,9267.0,0.001,Buy
1594434855.2301,9266.5,0.283,Sell
1594434855.8493,9266.5,0.36,Sell
1594434859.2378,9266.5,0.764,Sell
1594434867.6377,9266.5,0.05,Sell
1594434870.2438,9266.5,0.822,Sell
1594434872.2514,9266.5,0.016,Sell
1594434876.8582,9266.5,0.001,Sell
1594434882.2576,9266.5,0.112,Sell
1594434886.2651,9266.5,0.008,Sell
1594434897.2712,9266.5,0.025,Sell
1594434897.867,9266.5,0.501,Sell
1594434897.867,9266.5,0.121,Sell
1594434899.2785,9266.5,0.027,Sell
1594434909.2848,9266.5,0.877,Sell
1594434913.292,9266.5,0.643,Sell
1594434916.8757,9266.5,0.622,Sell
1594434924.2979,9266.5,0.005,Sell
1594434926.3055,9266.5,0.38,Sell
1594434927.3096,9266.5,0.003,Sell
1594434935.8843,9266.5,0.385,Sell
1594434937.3135,9266.5,0.676,Sell
1594434941.3215,9266.5,0.019,Sell
1594434943.3254,9266.5,0.028,Sell
1594434954.3294,9266.5,0.002,Sell
1594434956.893,9266.5,0.016,Sell
1594434958.3371,9266.5,0.029,Sell
1594434961.3022,9266.5,0.001,Sell
1594434966.3338,9267.0,0.001,Buy
1594435032.3143,9266.5,0.144,Sell
1594435032.3143,9266.5,0.001,Sell
1594435032.3143,9266.5,0.166,Sell
1594435032.3143,9266.5,0.001,Sell
1594435081.2154,9267.0,0.001,Buy
1594435089.2473,9266.5,0.001,Sell
1594435117.0701,9266.5,0.001,Sell
1594435117.0701,9266.5,0.001,Sell
1594435141.2989,9266.5,0.001,Buy
1594435141.4303,9266.5,0.001,Buy
1594435149.3319,9266.0,0.001,Sell
1594435151.4657,9266.0,0.001,Sell
1594435201.7799,9266.5,0.001,Buy
1594435208.8162,9266.0,0.001,Sell
1594435238.594,9266.0,0.305,Sell
1594435261.2839,9266.0,0.001,Sell
1594435269.3152,9266.5,0.001,Buy
1594435321.2633,9266.0,0.001,Sell
1594435333.297,9266.5,0.001,Buy
1594435342.0212,9266.0,0.161,Sell
1594435342.0212,9266.0,0.839,Sell
1594435351.7275,9266.0,0.981,Sell
1594435353.7352,9266.0,0.021,Sell
1594435357.0719,9266.0,0.002,Sell
1594435363.7433,9266.0,0.022,Sell
1594435365.7515,9266.0,0.017,Sell
1594435375.758,9266.0,0.458,Sell
1594435376.0805,9266.0,0.029,Sell
1594435379.7658,9266.0,0.487,Sell
1594435380.4849,9266.5,0.007,Buy
1594435380.4849,9266.5,0.093,Buy
1594435381.539,9266.5,0.001,Buy
1594435389.5693,9266.0,0.001,Sell
1594435392.7737,9266.0,0.012,Sell
1594435394.7813,9266.0,0.022,Sell
1594435395.0889,9266.0,0.001,Sell
1594435404.7875,9266.0,0.203,Sell
1594435408.7951,9266.0,0.54,Sell
1594435410.799,9266.0,0.587,Sell
1594435414.0975,9266.0,0.02,Sell
1594435421.8035,9266.0,0.457,Sell
1594435425.8111,9266.0,0.002,Sell
1594435433.106,9266.0,0.002,Sell
1594435438.8188,9266.0,0.002,Sell
1594435440.8264,9266.0,0.006,Sell
1594435441.5194,9266.0,0.001,Sell
1594435441.7698,9266.0,0.001,Sell
1594435446.5492,9266.5,0.001,Buy
1594435447.8252,9266.5,0.001,Buy
1594435451.8341,9266.0,0.391,Sell
1594435453.8415,9266.0,0.015,Sell
1594435454.1146,9266.0,0.205,Sell
1594435464.8493,9266.0,0.654,Sell
1594435464.8493,9266.0,0.005,Sell
1594435466.8569,9266.0,0.001,Sell
1594435469.3527,9266.0,0.209,Sell
1594435469.3527,9266.0,8.804,Sell
1594435469.3527,9266.0,0.104,Sell
1594435469.3527,9266.0,0.15,Sell
1594435469.3527,9266.0,0.061,Sell
1594435501.5343,9266.0,0.001,Sell
1594435510.568,9266.5,0.001,Buy
1594435542.8087,9266.5,0.511,Buy
1594435543.4474,9266.0,0.1,Sell
1594435543.4474,9266.0,0.05,Sell
1594435561.2836,9266.5,0.001,Buy
1594435569.3193,9266.0,0.001,Sell
1594435596.0087,9266.0,0.05,Sell
1594435621.6702,9266.5,0.001,Buy
1594435629.7018,9266.0,0.001,Sell
1594435681.4627,9266.5,0.001,Buy
1594435691.4999,9266.0,0.001,Sell
1594435741.3185,9266.0,0.001,Sell
1594435749.3586,9266.5,0.001,Buy
1594435765.9836,9266.0,2.265,Sell
1594435765.9836,9266.0,0.5,Sell
1594435765.9836,9266.0,0.001,Sell
1594435765.9836,9266.0,2.203,Sell
1594435765.9836,9266.0,2.111,Sell
1594435772.1411,9266.0,0.024,Sell
1594435774.149,9266.0,0.712,Sell
1594435774.2523,9266.0,0.792,Sell
1594435777.7796,9266.5,0.1,Buy
1594435785.1566,9266.0,0.009,Sell
1594435789.1643,9266.0,0.029,Sell
1594435795.261,9266.0,0.019,Sell
1594435801.3964,9266.5,0.001,Buy
1594435801.4277,9266.0,0.001,Sell
1594435802.172,9266.0,0.734,Sell
1594435806.1795,9266.0,0.434,Sell
1594435808.4415,9266.0,0.001,Sell
1594435813.4599,9266.5,0.001,Buy
1594435814.2696,9266.0,0.002,Sell
1594435819.1873,9266.0,0.214,Sell
1594435823.1947,9266.0,0.002,Sell
1594435835.2781,9266.0,0.003,Sell
1594435836.2023,9266.0,0.681,Sell
1594435836.2023,9266.0,0.121,Sell
1594435838.21,9266.0,0.025,Sell
1594435849.2176,9266.0,0.022,Sell
1594435853.2252,9266.0,0.028,Sell
1594435856.2872,9266.0,0.948,Sell
