1594252801.5271,9429.0,0.001,Buy
1594252801.7537,9429.0,0.127,Buy
1594252804.7512,9429.0,0.011,Buy
1594252804.7512,9429.0,0.002,Buy
1594252805.5829,9428.5,0.944,Sell
1594252805.836,9428.5,0.844,Sell
1594252808.1745,9429.0,0.009,Buy
1594252808.1745,9429.0,0.004,Buy
1594252808.5658,9428.5,0.001,Sell
1594252815.7339,9431.0,0.876,Buy
1594252815.7339,9431.0,0.005,Buy
1594252815.7339,9429.0,0.053,Buy
1594252815.7339,9429.0,0.029,Buy
1594252815.7339,9430.0,0.002,Buy
1594252815.7339,9431.0,0.002,Buy
1594252838.7751,9430.5,0.01,Sell
1594252838.7751,9430.5,0.15,Sell
1594252853.6002,9430.5,0.043,Sell
1594252861.2546,9430.5,0.001,Sell
1594252862.2889,9430.5,0.001,Sell
1594252869.2831,9431.0,0.001,Buy
1594252871.3167,9431.0,0.001,Buy
1594252921.3078,9430.5,0.001,Sell
1594252933.3372,9431.0,0.001,Buy
1594252936.9318,9431.0,0.08,Buy
1594252938.0935,9431.0,0.01,Buy
1594252938.0935,9431.0,0.01,Buy
1594252938.0935,9431.0,0.002,Buy
1594252938.0935,9431.0,0.005,Buy
1594252938.0935,9431.0,0.003,Buy
1594252956.1103,9437.0,0.18,Buy
1594252956.1103,9437.0,0.242,Buy
1594252956.1103,9437.0,0.005,Buy
1594252956.1103,9437.5,0.15,Buy
1594252956.1103,9437.5,0.1,Buy
1594252956.1103,9437.5,0.05,Buy
1594252956.1103,9437.5,0.107,Buy
1594252956.1103,9437.5,0.1,Buy
1594252956.1103,9436.0,0.002,Buy
1594252956.1103,9435.0,0.009,Buy
1594252956.1103,9436.0,0.002,Buy
1594252956.1103,9436.0,0.032,Buy
1594252956.1103,9431.5,0.001,Buy
1594252956.1103,9431.5,0.002,Buy
1594252956.1103,9432.0,0.002,Buy
1594252956.1103,9433.0,0.005,Buy
1594252956.1103,9434.0,0.002,Buy
1594252956.1103,9433.0,0.002,Buy
1594252956.1103,9435.0,0.002,Buy
1594252956.1103,9435.0,0.005,Buy
1594252956.1322,9438.0,0.001,Buy
1594252956.1322,9438.5,0.006,Buy
1594252956.1322,9439.0,0.709,Buy
1594252956.1322,9438.0,0.1,Buy
1594252956.1322,9437.5,0.043,Buy
1594252956.1322,9438.0,0.001,Buy
1594252956.6423,9437.0,0.027,Sell
1594252957.6465,9437.5,1.0,Buy
1594252958.6502,9437.0,0.205,Sell
1594252959.4368,9437.0,0.022,Sell
1594252962.1369,9437.5,1.0,Buy
1594252965.8104,9437.5,0.396,Buy
1594252966.1858,9437.0,0.387,Sell
1594252968.6563,9437.0,0.024,Sell
1594252972.664,9437.0,0.015,Sell
1594252980.4458,9437.0,0.947,Sell
1594252981.9912,9437.5,0.001,Buy
1594252992.02,9437.0,0.001,Sell
1594253006.9563,9437.0,0.915,Sell
1594253009.7142,9436.5,0.001,Sell
1594253011.1345,9436.5,0.066,Buy
1594253014.3297,9436.5,0.03,Buy
1594253041.2474,9435.0,0.001,Sell
1594253041.3841,9435.0,0.001,Sell
1594253046.4127,9435.5,0.001,Buy
1594253047.2766,9435.5,0.001,Buy
1594253066.2115,9435.0,0.002,Sell
1594253066.2661,9434.5,0.001,Sell
1594253067.713,9434.0,0.01,Sell
1594253067.713,9434.0,0.002,Sell
1594253126.7832,9433.0,0.004,Sell
1594253126.7832,9433.0,0.002,Sell
1594253126.7832,9433.0,0.005,Sell
1594253127.3617,9432.0,0.001,Sell
1594253127.3617,9432.0,0.032,Sell
1594253127.3617,9432.0,0.002,Sell
1594253127.6192,9431.0,0.002,Sell
1594253127.6192,9431.0,0.001,Sell
1594253127.6192,9431.0,0.005,Sell
1594253127.7451,9430.5,0.006,Sell
1594253128.4841,9430.0,0.002,Sell
1594253128.4841,9430.0,0.038,Sell
1594253161.251,9429.5,0.001,Buy
1594253169.2783,9429.0,0.001,Sell
1594253221.2638,9429.5,0.001,Buy
1594253221.3409,9429.5,0.001,Buy
1594253229.2973,9429.0,0.001,Sell
1594253229.3713,9429.0,0.001,Sell
1594253237.2843,9429.0,0.007,Sell
1594253237.2843,9429.0,0.001,Sell
1594253237.2843,9429.0,0.005,Sell
1594253237.2843,9429.0,0.005,Sell
1594253237.2843,9429.0,0.003,Sell
1594253237.4609,9428.0,0.001,Sell
1594253237.4609,9428.0,0.002,Sell
1594253237.6842,9427.0,0.002,Sell
1594253237.6842,9427.0,0.009,Sell
1594253237.6842,9427.0,0.008,Sell
1594253237.6842,9427.0,0.005,Sell
1594253238.6844,9426.0,0.002,Sell
1594253238.6844,9426.0,0.006,Sell
1594253238.6844,9426.0,0.092,Sell
1594253238.7842,9426.0,0.1,Sell
1594253238.8842,9426.0,0.05,Sell
1594253238.8842,9426.0,0.002,Sell
1594253238.8842,9426.0,0.001,Sell
1594253238.8842,9426.0,0.015,Sell
1594253238.8842,9426.0,0.005,Sell
1594253248.9366,9426.0,0.023,Buy
1594253251.5621,9426.0,0.841,Buy
1594253255.0122,9425.5,0.002,Sell
1594253255.0122,9425.5,0.053,Sell
1594253255.0122,9425.5,0.001,Sell
1594253255.0122,9425.0,0.002,Sell
1594253255.0122,9425.5,0.001,Sell
1594253255.0122,9425.5,0.005,Sell
1594253255.0122,9425.5,0.01,Sell
1594253255.0122,9425.0,0.001,Sell
1594253255.0122,9424.0,0.01,Sell
1594253255.0122,9425.0,0.032,Sell
1594253255.0122,9425.0,0.005,Sell
1594253255.0122,9424.5,0.004,Sell
1594253255.0122,9424.5,0.004,Sell
1594253255.0122,9424.0,0.001,Sell
1594253255.0122,9423.0,0.008,Sell
1594253255.0122,9423.0,0.012,Sell
1594253255.0122,9423.0,0.005,Sell
1594253255.0122,9425.0,0.002,Sell
1594253255.0122,9422.5,0.366,Sell
1594253255.0122,9422.5,0.67,Sell
1594253255.0122,9422.5,0.006,Sell
1594253255.0194,9422.5,0.584,Sell
1594253255.0194,9422.5,0.416,Sell
1594253277.7605,9422.0,0.115,Sell
1594253277.7605,9422.5,0.008,Sell
1594253277.7605,9422.5,0.001,Sell
1594253277.7605,9422.5,0.053,Sell
1594253277.7605,9422.5,0.005,Sell
1594253277.7605,9422.5,0.015,Sell
1594253277.7605,9422.5,0.001,Sell
1594253277.7605,9422.5,0.001,Sell
1594253281.7842,9422.0,0.085,Sell
1594253281.7842,9422.0,0.001,Sell
1594253281.7842,9422.0,0.001,Sell
1594253281.7842,9422.0,0.002,Sell
1594253281.7842,9422.0,0.011,Sell
1594253281.8842,9422.0,0.004,Sell
1594253281.8842,9422.0,0.032,Sell
1594253281.8842,9422.0,0.001,Sell
1594253281.8842,9422.0,0.005,Sell
1594253281.8842,9422.0,0.005,Sell
1594253282.7842,9421.0,0.003,Sell
1594253282.7842,9421.0,0.001,Sell
1594253282.7842,9421.0,0.001,Sell
1594253282.7842,9421.0,0.092,Sell
1594253282.7842,9421.0,0.002,Sell
1594253282.7842,9421.0,0.001,Sell
1594253282.8841,9421.0,0.002,Sell
1594253282.8841,9421.0,0.001,Sell
1594253283.0113,9418.0,0.001,Sell
1594253283.0113,9418.0,0.066,Sell
1594253283.0113,9418.5,0.005,Sell
1594253283.0113,9419.0,0.5,Sell
1594253283.0113,9419.0,0.002,Sell
1594253283.0113,9418.0,0.001,Sell
1594253283.0113,9419.0,0.002,Sell
1594253283.0113,9419.0,0.083,Sell
1594253283.0113,9420.0,0.001,Sell
1594253283.0113,9420.0,0.009,Sell
1594253283.0113,9420.0,0.001,Sell
1594253283.0113,9420.5,0.005,Sell
1594253283.0113,9419.0,0.01,Sell
1594253283.0113,9419.0,0.006,Sell
1594253283.0113,9420.0,0.002,Sell
1594253283.0113,9418.0,0.003,Sell
1594253283.0113,9418.0,0.002,Sell
1594253283.0113,9416.5,0.15,Sell
1594253283.0113,9416.5,0.005,Sell
1594253283.0113,9417.0,0.032,Sell
1594253283.0113,9417.0,0.001,Sell
1594253283.0113,9418.0,0.001,Sell
1594253283.0113,9418.0,0.002,Sell
1594253283.0113,9418.0,0.002,Sell
1594253283.0113,9418.0,0.002,Sell
1594253283.0113,9418.0,0.002,Sell
1594253283.0113,9417.0,0.002,Sell
1594253283.0113,9418.0,0.002,Sell
1594253297.5406,9417.0,0.002,Sell
1594253297.5406,9417.0,0.007,Sell
1594253297.5406,9417.0,0.053,Sell
1594253297.5406,9417.0,0.002,Sell
1594253297.5406,9417.0,0.01,Sell
1594253297.5406,9417.0,0.005,Sell
1594253297.7138,9416.5,3.0,Sell
1594253297.9506,9416.0,0.001,Sell
1594253297.9506,9416.0,0.008,Sell
1594253297.9506,9416.0,0.001,Sell
1594253297.9506,9416.0,0.001,Sell
1594253297.9506,9416.0,0.004,Sell
1594253297.9506,9416.0,0.004,Sell
1594253297.9506,9416.0,0.001,Sell
1594253297.963,9415.5,0.062,Sell
1594253297.9687,9415.5,0.18,Sell
1594253297.9687,9415.5,0.001,Sell
1594253297.9687,9415.0,0.006,Sell
1594253297.9687,9415.0,0.005,Sell
1594253297.9687,9414.5,0.306,Sell
1594253297.9687,9415.0,0.002,Sell
1594253297.973,9414.5,0.374,Sell
1594253297.973,9414.5,1.69,Sell
1594253297.973,9414.5,5.59,Sell
1594253297.973,9414.5,2.93,Sell
1594253297.973,9414.5,1.03,Sell
1594253297.974,9414.5,0.925,Sell
1594253297.974,9414.5,0.041,Sell
1594253302.9893,9414.5,0.026,Sell
1594253306.9967,9414.5,0.009,Sell
1594253310.5852,9414.5,0.017,Sell
1594253318.0028,9414.5,0.027,Sell
1594253320.0105,9414.5,0.592,Sell
1594253330.0171,9414.5,0.02,Sell
1594253331.5935,9414.5,0.533,Sell
1594253331.5935,9414.5,0.419,Sell
1594253333.0112,9414.5,0.106,Sell
1594253334.0251,9414.5,0.628,Sell
1594253341.3558,9414.5,0.001,Sell
1594253345.0312,9414.5,0.007,Sell
1594253347.039,9414.5,0.007,Sell
1594253348.668,9414.5,0.5,Sell
1594253349.3885,9415.0,0.001,Buy
1594253352.6021,9414.5,0.02,Sell
1594253357.0452,9414.5,0.027,Sell
1594253359.0527,9414.5,0.005,Sell
1594253370.0605,9414.5,0.496,Sell
1594253371.6107,9414.5,0.022,Sell
1594253374.0684,9414.5,0.306,Sell
1594253382.1992,9414.5,0.019,Sell
1594253387.0763,9414.5,0.598,Sell
1594253390.6195,9414.5,0.02,Sell
1594253391.0839,9414.5,0.574,Sell
1594253392.7379,9414.5,0.5,Sell
1594253401.9965,9415.0,0.001,Buy
1594253402.0899,9414.5,0.001,Sell
1594253403.6775,9414.5,0.001,Sell
1594253404.0975,9414.5,0.009,Sell
1594253405.1013,9414.5,0.011,Sell
1594253409.0291,9414.5,0.001,Sell
1594253411.6282,9414.5,0.775,Sell
1594253415.1054,9414.5,0.004,Sell
1594253415.716,9415.0,0.001,Buy
1594253417.1133,9414.5,0.021,Sell
1594253429.6981,9415.0,0.002,Buy
1594253429.6981,9415.0,0.05,Buy
1594253429.6981,9415.0,0.018,Buy
1594253431.4953,9414.5,0.018,Sell
1594253431.4953,9414.5,0.01,Sell
1594253431.4953,9414.5,0.05,Sell
1594253431.4953,9414.5,0.01,Sell
1594253446.0842,9414.5,0.032,Sell
1594253446.0842,9414.5,0.068,Sell
1594253446.1841,9414.5,0.1,Sell
1594253446.2844,9414.5,0.032,Sell
1594253446.2844,9414.5,0.068,Sell
1594253446.3841,9414.5,0.1,Sell
1594253446.4841,9414.5,0.1,Sell
1594253446.5842,9414.5,0.1,Sell
1594253446.6841,9414.5,0.1,Sell
1594253446.7841,9414.5,0.1,Sell
1594253446.8848,9414.5,0.1,Sell
1594253446.9842,9414.5,0.1,Sell
1594253447.0844,9414.5,0.1,Sell
1594253447.1841,9414.5,0.1,Sell
1594253447.2848,9414.5,0.032,Sell
1594253447.3842,9414.0,0.001,Sell
1594253447.3842,9414.0,0.001,Sell
1594253447.3842,9414.0,0.034,Sell
1594253447.3842,9414.0,0.064,Sell
1594253447.4841,9414.0,0.002,Sell
1594253447.4841,9414.0,0.001,Sell
1594253447.4841,9414.0,0.015,Sell
1594253447.4841,9414.0,0.019,Sell
1594253447.4841,9414.0,0.01,Sell
1594253447.4841,9414.0,0.001,Sell
1594253447.7476,9412.0,0.001,Sell
1594253447.7476,9411.0,0.353,Sell
1594253447.7476,9411.0,0.002,Sell
1594253447.7476,9411.0,0.003,Sell
1594253447.7476,9411.0,0.001,Sell
1594253447.7476,9412.0,0.002,Sell
1594253447.7476,9412.0,0.07,Sell
1594253447.7476,9412.0,0.011,Sell
1594253447.7476,9412.0,0.006,Sell
1594253447.7476,9412.5,0.005,Sell
1594253447.7476,9412.5,0.008,Sell
1594253447.7476,9412.0,0.001,Sell
1594253447.7476,9413.0,0.009,Sell
1594253447.7476,9413.0,0.001,Sell
1594253447.7476,9413.0,0.002,Sell
1594253447.7476,9413.0,0.002,Sell
1594253447.7476,9413.0,0.002,Sell
1594253447.7476,9413.0,0.005,Sell
1594253447.7476,9412.5,0.004,Sell
1594253447.7476,9412.5,0.012,Sell
1594253447.7537,9411.0,0.03,Sell
1594253449.4546,9410.0,0.096,Sell
1594253449.4546,9410.0,0.002,Sell
1594253449.4546,9410.0,0.002,Sell
1594253449.4546,9410.0,0.002,Sell
1594253449.4546,9410.0,0.002,Sell
1594253449.4546,9410.0,0.001,Sell
1594253449.4546,9410.0,0.001,Sell
1594253449.4546,9410.0,0.001,Sell
1594253449.4546,9410.0,0.001,Sell
1594253449.4546,9410.0,0.002,Sell
1594253449.4546,9410.0,0.002,Sell
1594253449.4546,9410.0,0.001,Sell
1594253449.4546,9410.5,0.005,Sell
1594253449.4546,9411.0,0.001,Sell
1594253449.4546,9411.0,0.011,Sell
1594253449.4546,9411.0,0.001,Sell
1594253449.4546,9411.0,0.001,Sell
1594253449.4546,9411.0,0.053,Sell
1594253449.4546,9411.0,0.002,Sell
1594253449.4546,9411.0,0.001,Sell
1594253449.4546,9411.0,0.001,Sell
1594253449.4546,9411.0,0.008,Sell
1594253449.4546,9411.0,0.001,Sell
1594253449.4546,9411.0,0.3,Sell
1594253449.4546,9411.0,0.001,Sell
1594253449.4546,9410.5,0.001,Sell
1594253449.4608,9410.0,0.104,Sell
1594253449.4608,9409.0,0.01,Sell
1594253449.4608,9409.0,0.083,Sell
1594253449.4608,9409.5,0.032,Sell
1594253449.4608,9409.0,0.176,Sell
1594253449.4608,9409.0,0.002,Sell
1594253449.461,9409.0,0.354,Sell
1594253449.4628,9409.0,0.05,Sell
1594253449.4679,9409.0,0.5,Sell
1594253449.6789,9408.0,0.001,Sell
1594253449.6789,9408.0,0.01,Sell
1594253449.6789,9408.0,0.092,Sell
1594253449.6789,9408.0,0.002,Sell
1594253449.6789,9408.0,0.08,Sell
1594253449.6789,9408.0,0.31,Sell
1594253449.6789,9408.5,0.005,Sell
1594253475.7126,9408.5,0.005,Buy
1594253475.7126,9408.5,0.001,Buy
1594253475.7126,9408.5,0.015,Buy
1594253476.548,9410.0,0.002,Sell
1594253522.1004,9410.5,0.001,Buy
1594253522.2965,9410.0,0.001,Sell
1594253522.3371,9410.0,0.001,Sell
1594253527.3689,9410.5,0.001,Buy
1594253531.3323,9410.5,0.001,Buy
1594253532.1392,9410.0,0.001,Sell
1594253556.7707,9410.5,0.134,Buy
1594253556.7707,9410.5,0.035,Buy
1594253556.7707,9410.5,0.3,Buy
1594253556.7707,9410.5,0.001,Buy
1594253572.7597,9410.0,2.229,Sell
1594253572.7597,9410.0,0.001,Sell
1594253572.7597,9410.0,0.002,Sell
1594253572.7597,9410.0,0.001,Sell
1594253572.7597,9410.0,0.002,Sell
1594253572.7597,9410.0,0.053,Sell
1594253572.7597,9410.0,0.106,Sell
1594253572.7597,9410.0,2.4,Sell
1594253572.7597,9410.0,1.0,Sell
1594253572.7597,9410.0,0.05,Sell
1594253572.7597,9410.0,0.018,Sell
1594253572.7597,9410.0,0.01,Sell
1594253572.7597,9410.0,0.001,Sell
1594253572.7597,9410.0,8.81,Sell
1594253572.7597,9410.0,5.3,Sell
1594253572.7597,9410.0,4.0,Sell
1594253572.7597,9410.0,1.156,Sell
1594253572.7597,9410.0,0.01,Sell
1594253572.7597,9410.0,2.229,Sell
1594253572.7597,9410.0,0.001,Sell
1594253572.7597,9410.0,2.229,Sell
1594253572.7597,9409.5,4.146,Sell
1594253572.7597,9409.5,4.0,Sell
1594253572.7597,9410.0,0.002,Sell
1594253572.7597,9410.0,0.015,Sell
1594253572.7597,9410.0,0.005,Sell
1594253572.7597,9410.0,1.2,Sell
1594253572.7597,9410.0,1.776,Sell
1594253572.7597,9410.0,1.395,Sell
1594253572.7597,9410.0,1.5,Sell
1594253572.7597,9410.0,1.649,Sell
1594253572.7597,9410.0,0.001,Sell
1594253572.7597,9410.0,2.27,Sell
1594253572.7597,9410.0,0.124,Sell
1594253572.7597,9410.0,0.3,Sell
1594253572.7597,9410.0,0.1,Sell
1594253572.7597,9410.0,0.059,Sell
1594253572.7597,9410.0,1.8,Sell
1594253572.7597,9410.0,0.05,Sell
1594253635.2138,9410.0,0.01,Buy
1594253635.2138,9410.0,0.262,Buy
1594253641.4181,9410.0,0.001,Buy
1594253642.9049,9409.5,0.001,Sell
1594253644.4842,9410.0,0.005,Buy
1594253646.6675,9415.0,0.018,Buy
1594253646.6675,9414.5,0.005,Buy
1594253646.6675,9410.5,0.001,Buy
1594253646.6675,9414.0,0.002,Buy
1594253646.6675,9414.0,0.083,Buy
1594253646.6675,9413.0,0.002,Buy
1594253646.6675,9413.0,0.001,Buy
1594253646.6675,9414.5,0.001,Buy
1594253646.6675,9412.0,0.002,Buy
1594253646.6675,9411.5,0.005,Buy
1594253646.6675,9411.0,0.002,Buy
1594253646.6675,9412.5,0.001,Buy
1594253648.9486,9415.0,0.001,Buy
1594253649.4508,9414.5,0.001,Sell
1594253649.7314,9414.5,0.598,Sell
1594253655.3556,9414.5,0.735,Sell
1594253655.6968,9414.5,0.331,Sell
1594253659.3632,9414.5,0.549,Sell
1594253663.2906,9415.0,0.013,Buy
1594253663.2906,9415.0,0.032,Buy
1594253668.7399,9414.5,0.982,Sell
1594253670.3693,9414.5,0.224,Sell
1594253672.377,9414.5,0.004,Sell
1594253682.3831,9414.5,0.923,Sell
1594253686.3908,9414.5,0.082,Sell
1594253687.7487,9414.5,0.517,Sell
1594253697.3969,9414.5,0.247,Sell
1594253701.4054,9414.5,0.287,Sell
1594253701.4054,9414.5,0.107,Sell
1594253701.671,9415.0,0.001,Buy
1594253708.7576,9414.5,0.028,Sell
1594253709.7036,9414.5,0.001,Sell
1594253712.4115,9414.5,0.841,Sell
1594253714.4191,9414.5,0.153,Sell
1594253724.426,9414.5,0.021,Sell
1594253727.7663,9414.5,0.005,Sell
1594253728.4338,9414.5,0.531,Sell
1594253739.4399,9414.5,0.719,Sell
1594253743.4476,9414.5,0.002,Sell
1594253746.7755,9414.5,0.006,Sell
1594253754.454,9414.5,0.844,Sell
1594253756.4619,9414.5,0.012,Sell
1594253761.1306,9415.0,0.01,Buy
1594253761.266,9415.0,0.001,Buy
1594253766.0923,9414.5,0.01,Sell
1594253766.4681,9414.5,0.007,Sell
1594253767.7844,9414.5,0.024,Sell
1594253769.2968,9414.5,0.001,Sell
1594253770.4758,9414.5,0.635,Sell
1594253779.6718,9414.5,0.023,Sell
1594253781.4819,9414.5,0.454,Sell
1594253799.7969,9414.5,0.001,Sell
1594253799.7969,9414.5,0.004,Sell
1594253799.7969,9414.5,0.245,Sell
1594253810.8578,9415.0,0.03,Buy
1594253821.1646,9415.0,0.3,Buy
1594253821.8353,9414.5,0.001,Sell
1594253829.8643,9415.0,0.001,Buy
1594253835.7444,9414.5,0.03,Sell
1594253856.2398,9415.0,0.169,Buy
1594253881.5429,9414.5,0.001,Sell
1594253883.2425,9414.5,0.932,Sell
1594253883.2425,9414.5,0.068,Sell
1594253883.5856,9414.5,0.002,Sell
1594253889.8364,9414.5,0.843,Sell
1594253891.7654,9414.5,0.013,Sell
1594253893.5759,9415.0,0.001,Buy
1594254001.5011,9414.5,0.001,Sell
1594254002.0247,9415.0,0.001,Buy
1594254006.5352,9415.0,0.001,Buy
1594254009.0672,9414.5,0.001,Sell
1594254018.7575,9414.5,0.005,Sell
1594254018.7575,9414.5,0.901,Sell
1594254018.7575,9414.5,0.008,Sell
1594254018.8017,9414.0,0.002,Sell
1594254018.8017,9414.0,0.001,Sell
1594254018.8017,9414.0,0.001,Sell
1594254018.8017,9414.0,0.038,Sell
1594254018.9138,9413.0,0.5,Sell
1594254018.9138,9413.0,0.002,Sell
1594254045.8034,9412.5,0.203,Buy
1594254052.2177,9412.0,0.001,Sell
1594254052.2177,9412.0,0.002,Sell
1594254052.2177,9412.0,0.001,Sell
1594254052.2177,9412.0,0.001,Sell
1594254052.2177,9411.5,0.138,Sell
1594254061.6603,9411.5,0.001,Buy
1594254064.9141,9411.0,0.387,Sell
1594254067.2971,9411.0,0.9,Sell
1594254067.7747,9411.0,0.021,Sell
1594254071.7027,9411.0,0.001,Sell
1594254087.8843,9411.5,0.069,Buy
1594254093.0806,9411.0,0.053,Sell
1594254093.0806,9411.0,1.083,Sell
1594254111.2499,9411.0,0.947,Sell
1594254111.3536,9410.5,0.005,Sell
1594254111.3536,9410.5,0.001,Sell
1594254111.4865,9410.0,0.001,Sell
1594254111.9206,9410.0,0.5,Sell
1594254111.9206,9410.0,0.002,Sell
1594254111.9206,9410.0,0.02,Sell
1594254115.2571,9409.0,0.002,Sell
1594254115.2571,9409.0,0.005,Sell
1594254115.2571,9409.0,0.083,Sell
1594254116.2787,9408.0,3.0,Sell
1594254116.5403,9408.0,3.0,Sell
1594254117.0561,9408.0,0.002,Sell
1594254117.0561,9408.0,0.002,Sell
1594254117.0561,9408.0,0.001,Sell
1594254117.0561,9408.0,0.01,Sell
1594254117.0561,9408.0,0.01,Sell
1594254117.0561,9408.0,0.19,Sell
1594254117.0561,9408.0,0.01,Sell
1594254117.0561,9408.0,3.69,Sell
1594254117.1737,9407.5,0.002,Sell
1594254117.1737,9407.0,0.006,Sell
1594254117.1737,9407.0,0.002,Sell
1594254117.1737,9407.5,0.002,Sell
1594254117.1795,9406.0,0.001,Sell
1594254117.1795,9406.0,0.008,Sell
1594254117.1795,9406.5,0.005,Sell
1594254120.1813,9405.0,0.901,Sell
1594254120.1813,9405.0,0.001,Sell
1594254120.1813,9405.5,0.001,Sell
1594254120.1813,9406.0,0.053,Sell
1594254120.1813,9406.0,0.005,Sell
1594254120.1813,9406.0,0.015,Sell
1594254120.1813,9405.0,0.006,Sell
1594254120.1813,9406.0,0.002,Sell
1594254120.1813,9406.0,0.001,Sell
1594254120.1813,9406.0,0.002,Sell
1594254120.1813,9406.0,0.007,Sell
1594254120.1813,9406.0,0.001,Sell
1594254120.1813,9406.0,0.005,Sell
1594254122.0452,9405.5,0.001,Buy
1594254123.2189,9405.0,2.148,Sell
1594254123.2189,9405.0,0.001,Sell
1594254123.2189,9405.0,0.05,Sell
1594254123.2189,9405.0,0.099,Sell
1594254127.717,9405.5,0.005,Buy
1594254127.717,9405.5,0.005,Buy
1594254129.3277,9405.0,1.852,Sell
1594254129.3277,9405.0,0.446,Sell
1594254130.1048,9405.0,0.001,Sell
1594254135.4186,9405.0,0.05,Sell
1594254135.4186,9405.0,0.005,Sell
1594254135.4186,9405.0,0.927,Sell
1594254135.4186,9405.0,1.266,Sell
1594254135.4186,9405.0,0.05,Sell
1594254141.6073,9405.0,1.134,Sell
1594254141.6073,9405.0,0.05,Sell
1594254141.6073,9405.0,0.814,Sell
1594254141.6073,9405.0,0.3,Sell
1594254144.1012,9405.0,0.2,Sell
1594254161.5631,9405.0,0.2,Sell
1594254179.9543,9405.0,1.08,Sell
1594254181.3828,9405.5,0.001,Buy
1594254183.0973,9405.0,0.001,Sell
1594254189.4119,9405.0,0.001,Sell
1594254192.128,9405.5,0.001,Buy
1594254200.1186,9405.0,0.704,Sell
1594254200.1186,9405.0,1.296,Sell
1594254200.9138,9405.0,0.064,Sell
1594254201.9744,9405.0,0.672,Sell
1594254204.9214,9405.0,0.123,Sell
1594254215.9275,9405.0,0.737,Sell
1594254219.9351,9405.0,0.17,Sell
1594254220.9833,9405.0,0.008,Sell
1594254226.806,9405.0,0.02,Sell
1594254230.9411,9405.0,0.02,Sell
1594254232.2256,9405.5,0.04,Buy
1594254234.9487,9405.0,0.34,Sell
1594254239.9918,9405.0,0.789,Sell
1594254241.2588,9405.0,0.001,Sell
1594254245.9547,9405.0,0.02,Sell
1594254247.2874,9405.5,0.001,Buy
1594254247.9624,9405.0,0.854,Sell
1594254257.9687,9405.0,0.015,Sell
1594254259.0007,9405.0,0.002,Sell
1594254261.9763,9405.0,0.023,Sell
1594254263.9801,9405.0,0.027,Sell
1594254274.9842,9405.0,0.119,Sell
1594254274.9842,9405.0,0.673,Sell
1594254277.1946,9405.5,0.041,Buy
1594254278.0095,9405.0,0.028,Sell
1594254278.9916,9405.0,0.545,Sell
1594254279.719,9405.5,0.1,Buy
1594254289.9976,9405.0,0.957,Sell
1594254292.0052,9405.0,0.701,Sell
1594254299.0185,9405.0,0.007,Sell
1594254301.3203,9405.0,0.001,Sell
1594254302.0114,9405.0,0.014,Sell
1594254302.3163,9405.5,0.001,Buy
1594254306.019,9405.0,0.017,Sell
1594254309.3562,9405.5,0.001,Buy
1594254310.3471,9405.0,0.001,Sell
1594254319.0267,9405.0,0.013,Sell
1594254320.0278,9405.0,0.007,Sell
1594254323.0345,9405.0,0.017,Sell
1594254334.0406,9405.0,0.017,Sell
1594254338.0485,9405.0,0.017,Sell
1594254339.0365,9405.0,0.001,Sell
1594254342.9878,9405.5,0.1,Buy
1594254349.0547,9405.0,0.011,Sell
1594254353.0624,9405.0,0.395,Sell
1594254360.0453,9405.0,0.626,Sell
1594254361.6293,9405.0,0.001,Sell
1594254364.0686,9405.0,0.029,Sell
1594254368.0761,9405.0,0.001,Sell
1594254373.6589,9405.5,0.001,Buy
1594254379.054,9405.0,0.662,Sell
1594254379.0822,9405.0,0.928,Sell
1594254381.0895,9405.0,0.027,Sell
1594254381.4826,9405.0,0.5,Sell
1594254391.6491,9405.0,0.1,Sell
1594254391.6491,9405.0,0.1,Sell
1594254391.6491,9405.0,0.122,Sell
1594254391.6491,9405.0,0.355,Sell
1594254420.3509,9404.0,0.083,Sell
1594254420.3509,9404.0,0.01,Sell
1594254420.3509,9403.5,0.672,Sell
1594254420.3509,9404.0,0.002,Sell
1594254420.3509,9403.5,0.95,Sell
1594254420.3509,9403.5,0.67,Sell
1594254420.3509,9404.5,0.008,Sell
1594254420.3509,9403.5,5.68,Sell
1594254420.3509,9404.0,0.001,Sell
1594254420.3509,9404.5,1.0,Sell
1594254420.3509,9404.5,0.001,Sell
1594254420.3509,9404.0,0.001,Sell
1594254420.3509,9405.0,0.17,Sell
1594254420.3509,9405.0,0.435,Sell
1594254420.3509,9405.0,0.01,Sell
1594254420.3509,9405.0,0.05,Sell
1594254420.3509,9404.5,0.242,Sell
1594254420.3509,9404.0,0.001,Sell
1594254420.3509,9404.5,0.001,Sell
1594254420.3509,9404.5,0.001,Sell
1594254420.3509,9404.5,0.012,Sell
1594254420.3571,9403.5,0.177,Sell
1594254420.3572,9403.5,4.65,Sell
1594254420.3572,9403.0,1.538,Sell
1594254420.3572,9403.0,0.002,Sell
1594254420.3572,9403.0,0.001,Sell
1594254420.3572,9403.0,1.43,Sell
1594254420.3572,9403.0,0.008,Sell
1594254420.3572,9403.5,2.361,Sell
1594254449.4491,9403.0,0.005,Sell
1594254449.4491,9403.0,0.002,Sell
1594254449.4491,9403.0,0.005,Sell
1594254455.0084,9402.5,0.001,Sell
1594254455.0084,9402.5,0.001,Sell
1594254456.0914,9402.5,0.277,Buy
1594254468.0788,9402.0,0.002,Sell
1594254468.0788,9402.0,0.497,Sell
1594254469.875,9402.0,0.025,Sell
1594254477.4699,9402.0,0.002,Sell
1594254477.4699,9401.5,3.726,Sell
1594254477.4699,9402.0,0.002,Sell
1594254477.4699,9402.0,0.005,Sell
1594254477.4699,9402.0,1.265,Sell
1594254481.2462,9401.5,0.001,Sell
1594254486.277,9402.0,0.001,Buy
1594254486.5128,9401.0,0.014,Sell
1594254486.5128,9401.5,0.01,Sell
1594254486.5128,9401.5,0.001,Sell
1594254486.5128,9401.0,0.002,Sell
1594254486.5128,9401.5,0.273,Sell
1594254492.3338,9401.0,0.001,Sell
1594254492.3338,9401.0,0.003,Sell
1594254492.3338,9401.0,0.02,Sell
1594254492.3338,9401.0,0.002,Sell
1594254496.109,9401.0,0.021,Buy
1594254496.1858,9401.0,0.012,Buy
1594254497.1885,9401.0,0.001,Buy
1594254499.2148,9401.0,0.561,Buy
1594254501.0869,9400.5,0.001,Sell
1594254501.0869,9400.5,0.001,Sell
1594254501.0869,9400.5,0.001,Sell
1594254501.0869,9400.5,0.009,Sell
1594254501.0869,9400.5,0.001,Sell
1594254501.0869,9400.0,0.1,Sell
1594254501.0869,9400.0,0.03,Sell
1594254501.0869,9400.0,0.025,Sell
1594254501.0869,9400.0,1.0,Sell
1594254501.0869,9400.0,0.183,Sell
1594254501.0869,9400.0,0.002,Sell
1594254501.0869,9400.0,0.07,Sell
1594254501.0924,9400.0,0.081,Sell
1594254501.0927,9400.0,0.011,Sell
1594254501.0927,9400.0,0.076,Sell
1594254501.0928,9400.0,0.044,Sell
1594254501.0935,9401.0,0.683,Buy
1594254501.0935,9400.5,0.01,Buy
1594254501.0935,9400.0,0.01,Sell
1594254501.0935,9400.0,0.1,Sell
1594254504.8462,9400.0,1.724,Sell
1594254504.8462,9400.0,0.01,Sell
1594254504.8462,9400.0,2.266,Sell
1594254516.3753,9400.0,0.001,Sell
1594254516.3753,9400.0,0.001,Sell
1594254516.3753,9400.0,0.001,Sell
1594254516.3753,9400.0,0.01,Sell
1594254516.3753,9400.0,0.734,Sell
1594254516.3753,9400.0,0.2,Sell
1594254516.3753,9400.0,0.256,Sell
1594254516.3753,9400.0,0.001,Sell
1594254516.3753,9400.0,0.001,Sell
1594254516.3753,9400.0,0.001,Sell
1594254516.4879,9399.0,0.005,Sell
1594254516.4879,9399.0,0.002,Sell
1594254516.4879,9399.0,0.01,Sell
1594254516.4879,9399.0,0.083,Sell
1594254516.4879,9399.0,0.051,Sell
1594254516.4879,9399.0,0.006,Sell
1594254516.4933,9398.0,0.005,Sell
1594254516.4933,9398.0,0.009,Sell
1594254516.4933,9398.0,0.001,Sell
1594254516.4933,9398.0,0.369,Sell
1594254516.4933,9398.0,0.006,Sell
1594254516.4933,9398.0,0.006,Sell
1594254517.2446,9398.0,0.002,Sell
1594254517.2446,9398.0,0.001,Sell
1594254517.2446,9398.0,0.002,Sell
1594254517.2446,9398.0,0.005,Sell
1594254517.3088,9397.0,0.005,Sell
1594254517.3088,9397.0,0.5,Sell
1594254517.3088,9397.0,0.025,Sell
1594254517.3088,9397.0,0.001,Sell
1594254517.3088,9397.0,0.002,Sell
1594254517.3393,9396.5,0.002,Sell
1594254517.3393,9396.0,0.001,Sell
1594254517.3393,9396.5,0.002,Sell
1594254517.3393,9396.5,0.002,Sell
1594254517.3393,9396.0,0.011,Sell
1594254517.3393,9396.0,0.944,Sell
1594254517.3393,9396.0,0.844,Sell
1594254517.3393,9396.0,0.329,Sell
1594254517.3393,9396.0,0.092,Sell
1594254517.3393,9396.5,0.002,Sell
1594254517.3433,9395.0,0.099,Sell
1594254517.3433,9395.0,0.025,Sell
1594254517.3433,9395.0,0.003,Sell
1594254517.3433,9396.0,0.002,Sell
1594254517.3433,9396.0,0.171,Sell
1594254517.3491,9395.0,0.034,Sell
1594254517.3492,9394.0,0.242,Sell
1594254517.3492,9394.0,3.261,Sell
1594254517.3492,9395.0,0.367,Sell
1594254517.3492,9395.0,0.001,Sell
1594254517.3492,9395.0,0.004,Sell
1594254517.3492,9395.0,0.005,Sell
1594254517.3492,9395.0,0.032,Sell
1594254517.3492,9395.0,0.002,Sell
1594254517.3492,9394.0,0.002,Sell
1594254517.3492,9394.0,0.083,Sell
1594254517.3492,9394.0,0.001,Sell
1594254517.3494,9394.0,1.0,Sell
1594254517.3494,9394.0,0.07,Sell
1594254517.3496,9394.0,1.958,Sell
1594254520.2692,9394.0,0.001,Sell
1594254520.2692,9394.0,0.002,Sell
1594254520.2692,9394.0,0.053,Sell
1594254520.2692,9394.0,0.012,Sell
1594254520.2692,9394.0,0.132,Sell
1594254529.2843,9394.5,0.002,Buy
1594254529.2843,9394.5,0.042,Buy
1594254529.2843,9394.5,0.053,Buy
1594254529.2843,9394.5,0.001,Buy
1594254529.2843,9394.5,0.002,Buy
1594254529.3002,9394.5,0.458,Buy
1594254529.3002,9394.5,0.005,Buy
1594254529.3002,9394.5,0.001,Buy
1594254529.3002,9394.5,0.009,Buy
1594254529.3002,9394.5,0.001,Buy
1594254529.3002,9394.5,0.015,Buy
1594254529.3002,9394.5,0.001,Buy
1594254529.3002,9394.5,0.001,Buy
1594254529.3002,9394.5,0.005,Buy
1594254529.3842,9396.5,0.005,Buy
1594254529.4843,9398.0,0.1,Buy
1594254529.5844,9398.0,0.1,Buy
1594254529.6842,9398.0,0.1,Buy
1594254529.7841,9398.0,0.1,Buy
1594254529.8841,9398.0,0.1,Buy
1594254529.9842,9398.0,0.1,Buy
1594254530.0841,9398.0,0.1,Buy
1594254530.1862,9398.0,0.1,Buy
1594254530.2844,9398.0,0.1,Buy
1594254530.3842,9398.0,0.1,Buy
1594254530.4845,9398.0,0.1,Buy
1594254530.5844,9398.0,0.1,Buy
1594254530.6841,9398.0,0.1,Buy
1594254530.7841,9398.0,0.1,Buy
1594254530.8842,9398.0,0.1,Buy
1594254530.9841,9398.0,0.1,Buy
1594254531.0841,9398.0,0.1,Buy
1594254531.1842,9398.0,0.1,Buy
1594254531.2848,9398.0,0.1,Buy
1594254531.3843,9398.0,0.1,Buy
1594254531.4841,9398.0,0.1,Buy
1594254531.5841,9398.0,0.1,Buy
1594254531.6841,9398.0,0.1,Buy
1594254531.7842,9398.0,0.1,Buy
1594254531.8842,9398.0,0.1,Buy
1594254531.9842,9398.0,0.1,Buy
1594254532.0842,9398.0,0.1,Buy
1594254532.1848,9398.0,0.1,Buy
1594254532.2842,9398.0,0.1,Buy
1594254535.1234,9397.5,0.002,Sell
1594254535.4141,9397.5,0.5,Sell
1594254536.2484,9397.5,0.406,Sell
1594254537.2541,9397.5,0.255,Sell
1594254547.2605,9397.5,0.984,Sell
1594254548.2663,9397.5,0.015,Sell
1594254554.1319,9397.5,0.006,Sell
1594254558.2724,9397.5,0.019,Sell
1594254560.2801,9397.5,0.023,Sell
1594254569.6975,9397.5,0.033,Sell
1594254570.2862,9397.5,0.596,Sell
1594254572.2918,9397.5,0.012,Sell
1594254573.1405,9397.5,0.02,Sell
1594254581.5579,9398.0,0.939,Buy
1594254583.2983,9397.5,0.972,Sell
1594254585.3046,9397.5,0.026,Sell
1594254594.1498,9397.5,0.136,Sell
1594254596.3113,9397.5,0.489,Sell
1594254598.317,9397.5,0.16,Sell
1594254601.4776,9397.5,0.646,Sell
1594254601.4776,9397.5,0.073,Sell
1594254601.6467,9398.0,0.001,Buy
1594254602.8822,9398.0,0.001,Buy
1594254603.1595,9398.0,0.001,Buy
1594254604.4523,9398.0,0.05,Buy
1594254608.6802,9397.5,0.001,Sell
1594254611.1906,9397.5,0.001,Sell
1594254611.325,9397.5,0.207,Sell
1594254612.3307,9397.5,0.123,Sell
1594254612.9207,9397.5,0.001,Sell
1594254615.1584,9397.5,0.025,Sell
1594254622.3376,9397.5,0.017,Sell
1594254623.3434,9397.5,0.613,Sell
1594254633.3499,9397.5,0.758,Sell
1594254634.1669,9397.5,0.009,Sell
1594254635.3538,9397.5,0.001,Sell
1594254637.3581,9397.5,0.025,Sell
1594254648.3646,9397.5,0.023,Sell
1594254649.3705,9397.5,0.438,Sell
1594254650.3745,9397.5,0.027,Sell
1594254653.1758,9397.5,0.004,Sell
1594254660.0154,9398.0,0.848,Buy
1594254660.0154,9398.0,0.002,Buy
1594254660.3786,9398.0,0.014,Sell
1594254661.9622,9398.5,0.001,Buy
1594254662.0871,9398.5,0.72,Buy
1594254662.3847,9398.5,0.943,Sell
1594254662.4841,9399.0,0.014,Buy
1594254662.4841,9399.0,0.002,Buy
1594254662.4841,9399.0,0.001,Buy
1594254662.4841,9399.0,0.083,Buy
1594254662.5842,9399.0,0.1,Buy
1594254662.6842,9399.0,0.1,Buy
1594254662.7842,9399.0,0.1,Buy
1594254662.8841,9399.0,0.1,Buy
1594254662.9841,9399.0,0.1,Buy
1594254663.0841,9399.0,0.1,Buy
1594254663.1841,9399.0,0.001,Buy
1594254664.4842,9400.0,0.028,Buy
1594254664.4842,9400.0,0.002,Buy
1594254664.4842,9400.0,0.005,Buy
1594254669.8622,9401.5,0.338,Sell
1594254669.8622,9401.5,1.162,Sell
1594254670.0008,9401.5,0.001,Sell
1594254680.517,9402.0,0.002,Buy
1594254680.517,9402.0,0.068,Buy
1594254684.7854,9402.0,0.003,Buy
1594254684.7854,9402.0,0.154,Buy
1594254685.6511,9402.0,0.118,Buy
1594254693.8827,9401.5,0.03,Sell
1594254698.0348,9402.0,0.005,Buy
1594254698.0348,9402.0,0.001,Buy
1594254698.0348,9402.0,0.01,Buy
1594254698.0842,9403.0,0.1,Buy
1594254698.1842,9403.0,0.032,Buy
1594254698.1842,9403.0,0.002,Buy
1594254698.2842,9404.0,0.001,Buy
1594254698.2842,9404.0,0.083,Buy
1594254698.2842,9404.0,0.002,Buy
1594254698.5843,9404.5,0.001,Buy
1594254698.5843,9404.5,0.099,Buy
1594254698.6841,9404.5,0.1,Buy
1594254698.7842,9404.5,0.043,Buy
1594254698.7842,9404.5,0.001,Buy
1594254703.59,9405.0,0.001,Buy
1594254703.59,9405.0,0.009,Buy
1594254703.59,9405.0,0.006,Buy
1594254703.59,9405.0,0.002,Buy
1594254703.59,9405.0,0.005,Buy
1594254708.63,9406.0,0.009,Buy
1594254708.63,9406.0,0.002,Buy
1594254708.7525,9406.5,0.001,Buy
1594254708.7525,9406.5,0.001,Buy
1594254708.862,9407.0,0.006,Buy
1594254708.862,9407.0,0.002,Buy
1594254709.4352,9407.5,0.026,Sell
1594254710.2013,9407.5,0.788,Sell
1594254713.9031,9411.0,0.005,Buy
1594254713.9031,9412.0,0.001,Buy
1594254713.9031,9412.0,0.006,Buy
1594254713.9031,9412.0,0.011,Buy
1594254713.9031,9409.0,0.083,Buy
1594254713.9031,9412.5,0.001,Buy
1594254713.9031,9413.0,0.002,Buy
1594254713.9031,9413.0,0.001,Buy
1594254713.9031,9413.0,0.064,Buy
1594254713.9031,9413.0,1.65,Buy
1594254713.9031,9413.0,0.002,Buy
1594254713.9031,9411.0,0.003,Buy
1594254713.9031,9411.0,0.001,Buy
1594254713.9031,9413.0,0.009,Buy
1594254713.9031,9410.0,0.002,Buy
1594254713.9031,9410.5,0.001,Buy
1594254713.9031,9408.0,0.001,Buy
1594254713.9031,9408.0,0.002,Buy
1594254713.9031,9408.0,0.005,Buy
1594254713.9031,9408.0,0.048,Buy
1594254713.9031,9408.0,0.092,Buy
1594254713.9031,9408.5,0.001,Buy
1594254713.9031,9408.0,3.0,Buy
1594254713.9031,9409.0,0.002,Buy
1594254713.9031,9409.0,0.002,Buy
1594254713.9031,9410.0,0.002,Buy
1594254713.9031,9410.0,0.002,Buy
1594254713.9031,9410.0,0.001,Buy
1594254717.0337,9412.0,0.15,Buy
1594254717.0337,9412.0,0.092,Buy
1594254723.5818,9412.0,0.005,Buy
1594254723.5818,9412.0,0.053,Buy
1594254723.5818,9412.0,0.024,Buy
1594254723.5818,9412.0,0.026,Buy
1594254723.5818,9412.0,0.015,Buy
1594254723.5818,9412.0,0.001,Buy
1594254723.5818,9412.0,0.005,Buy
1594254723.5818,9412.0,0.001,Buy
1594254725.5103,9412.0,2.203,Buy
1594254725.5103,9412.0,1.797,Buy
1594254729.2098,9412.0,0.173,Sell
1594254729.4921,9412.5,0.001,Buy
1594254729.4921,9412.5,0.001,Buy
1594254729.4921,9412.5,0.098,Buy
1594254739.799,9412.5,2.302,Buy
1594254739.799,9412.5,0.058,Buy
1594254739.799,9412.5,0.05,Buy
1594254739.799,9412.5,0.001,Buy
1594254739.799,9412.5,2.589,Buy
1594254771.1646,9412.5,0.411,Buy
1594254771.1646,9412.5,0.089,Buy
1594254781.7203,9412.0,0.001,Sell
1594254789.7507,9412.5,0.001,Buy
1594254841.3971,9412.0,0.001,Sell
1594254841.4803,9412.0,0.001,Sell
1594254842.7097,9412.5,0.001,Buy
1594254842.865,9412.0,0.001,Sell
1594254847.4279,9412.5,0.001,Buy
1594254850.7425,9412.0,0.001,Sell
1594254851.8991,9412.5,0.001,Buy
1594254853.5138,9412.5,0.001,Buy
1594254885.4611,9412.0,0.002,Sell
1594254885.4611,9412.0,0.541,Sell
1594254885.4611,9411.5,0.218,Sell
1594254885.4611,9411.5,0.001,Sell
1594254885.4611,9412.0,0.001,Sell
1594254885.4611,9412.0,0.002,Sell
1594254885.4611,9412.0,0.015,Sell
1594254885.4611,9412.0,1.0,Sell
1594254885.4611,9412.0,0.005,Sell
1594254885.4611,9412.0,0.002,Sell
1594254946.0348,9412.0,0.001,Buy
1594254962.4581,9411.5,0.001,Sell
1594254967.4886,9412.0,0.001,Buy
1594255081.2547,9412.0,0.001,Buy
1594255089.289,9411.5,0.001,Sell
1594255104.1639,9411.5,1.0,Sell
1594255122.7198,9411.5,0.09,Sell
1594255127.1316,9411.5,0.001,Sell
1594255127.1316,9411.5,0.001,Sell
1594255127.1316,9411.5,0.028,Sell
1594255141.6457,9412.0,0.001,Buy
1594255141.7064,9412.0,0.001,Buy
1594255149.7439,9411.5,0.001,Sell
1594255151.6766,9411.5,0.001,Sell
1594255157.9376,9412.0,0.376,Buy
1594255161.1096,9412.0,0.1,Buy
1594255172.5991,9412.0,0.023,Buy
1594255172.5991,9412.5,0.347,Buy
1594255172.5991,9412.0,0.002,Buy
1594255172.5991,9412.0,0.001,Buy
1594255172.5991,9412.0,0.002,Buy
1594255172.5991,9412.5,0.001,Buy
1594255179.301,9412.5,0.03,Buy
1594255201.2997,9412.5,0.001,Buy
1594255208.343,9412.0,0.001,Sell
1594255211.825,9412.5,0.1,Buy
1594255217.9921,9412.0,0.009,Sell
1594255217.9921,9412.0,0.021,Sell
1594255219.991,9412.0,0.01,Sell
1594255244.8352,9412.5,0.05,Buy
1594255261.3088,9412.0,0.001,Sell
1594255269.3396,9412.5,0.001,Buy
1594255281.9613,9412.0,0.5,Sell
1594255321.515,9412.0,0.001,Sell
1594255333.5462,9412.5,0.001,Buy
1594255381.2006,9412.5,0.001,Buy
1594255389.2322,9412.0,0.001,Sell
1594255441.6278,9412.0,0.001,Sell
1594255442.3546,9412.0,0.001,Sell
1594255447.3912,9412.5,0.001,Buy
1594255447.6601,9412.5,0.001,Buy
1594255465.7313,9412.0,0.55,Sell
1594255481.4167,9412.0,0.55,Sell
1594255501.9641,9412.0,0.47,Sell
1594255501.9641,9412.0,3.53,Sell
1594255503.1766,9412.0,0.001,Sell
1594255504.7582,9412.0,0.219,Sell
1594255504.7582,9412.0,0.001,Sell
1594255512.2114,9410.5,0.001,Buy
1594255513.5586,9410.5,0.012,Buy
1594255516.1858,9410.5,0.986,Buy
1594255517.1886,9410.5,0.026,Buy
1594255521.2553,9410.5,0.001,Buy
1594255527.6302,9410.0,0.001,Sell
1594255527.6302,9410.0,0.001,Sell
1594255527.6302,9410.0,0.1,Sell
1594255527.6302,9410.0,0.001,Sell
1594255527.6302,9410.0,0.002,Sell
1594255527.6302,9410.0,0.001,Sell
1594255527.6302,9410.0,0.015,Sell
1594255527.6302,9410.0,0.001,Sell
1594255527.6302,9410.0,0.25,Sell
1594255527.6302,9410.0,0.005,Sell
1594255527.6302,9410.0,0.005,Sell
1594255532.5673,9409.5,0.021,Buy
1594255547.1886,9408.5,0.001,Buy
1594255557.1841,9408.0,0.001,Sell
1594255557.1841,9408.0,0.005,Sell
1594255557.1841,9408.0,0.002,Sell
1594255557.1841,9408.0,0.001,Sell
1594255557.1841,9408.0,0.001,Sell
1594255562.1135,9407.5,0.001,Buy
1594255570.1469,9407.0,0.001,Sell
1594255570.1522,9407.0,0.052,Sell
1594255570.1522,9407.0,0.002,Sell
1594255570.1522,9407.0,0.946,Sell
1594255611.6627,9406.5,0.05,Sell
1594255611.6627,9406.5,0.05,Sell
1594255611.6627,9406.5,8.81,Sell
1594255611.6627,9406.5,5.3,Sell
1594255611.6627,9406.5,0.931,Sell
1594255611.6627,9406.5,4.0,Sell
1594255611.6627,9406.5,0.545,Sell
1594255621.5964,9407.0,0.001,Buy
1594255628.0982,9406.0,0.001,Sell
1594255628.0982,9406.0,0.009,Sell
1594255628.0982,9406.0,0.04,Sell
1594255629.6401,9406.0,0.001,Sell
1594255652.4702,9406.0,5.3,Sell
1594255652.4702,9406.0,0.017,Sell
1594255652.4702,9406.0,1.581,Sell
1594255652.4702,9406.0,8.81,Sell
1594255652.4702,9406.0,0.1,Sell
1594255652.4702,9406.0,2.229,Sell
1594255652.4702,9406.0,0.879,Sell
1594255652.4702,9406.0,4.0,Sell
1594255652.4702,9406.0,0.002,Sell
1594255652.4702,9406.0,0.001,Sell
1594255652.4702,9406.0,0.05,Sell
1594255672.6255,9406.0,0.188,Sell
1594255678.4075,9406.0,0.232,Sell
1594255679.4134,9406.0,0.009,Sell
1594255681.572,9406.0,0.001,Buy
1594255691.6014,9405.5,0.001,Sell
1594255742.5409,9405.0,0.001,Sell
1594255750.5746,9405.5,0.001,Buy
1594255750.7281,9405.5,0.133,Buy
1594255750.7281,9405.5,0.057,Buy
1594255792.791,9405.0,0.005,Sell
1594255792.791,9405.0,0.001,Sell
1594255792.791,9405.0,2.229,Sell
1594255792.791,9405.0,0.3,Sell
1594255792.791,9405.0,1.187,Sell
1594255792.791,9405.0,2.4,Sell
1594255792.791,9405.0,0.1,Sell
1594255792.791,9405.0,5.3,Sell
1594255794.9075,9405.5,0.01,Buy
1594255801.5137,9405.0,0.35,Sell
1594255801.8232,9405.0,0.001,Sell
1594255802.7975,9405.5,0.001,Buy
1594255809.8295,9405.0,0.001,Sell
1594255813.8555,9405.5,0.001,Buy
1594255917.5779,9405.5,0.005,Buy
1594255917.5779,9405.5,0.002,Buy
1594255917.5779,9405.5,0.001,Buy
1594255917.5779,9405.5,0.001,Buy
1594255917.5779,9405.5,0.015,Buy
1594255917.5779,9405.5,0.009,Buy
1594255917.5779,9405.5,0.001,Buy
1594255917.5779,9405.5,0.053,Buy
1594255921.9101,9405.5,0.001,Sell
1594255921.9125,9406.0,0.001,Buy
1594255926.9424,9406.0,0.001,Buy
1594255929.9434,9405.5,0.001,Sell
1594256041.3557,9406.0,0.001,Buy
1594256041.3982,9405.5,0.001,Sell
1594256047.432,9406.0,0.001,Buy
1594256049.3876,9405.5,0.001,Sell
1594256103.5858,9406.0,0.001,Buy
1594256111.6216,9405.5,0.001,Sell
1594256118.284,9405.5,0.1,Sell
1594256118.3842,9405.5,0.1,Sell
1594256118.4841,9405.5,0.1,Sell
1594256118.5842,9405.5,0.1,Sell
1594256118.6841,9405.5,0.1,Sell
1594256118.7841,9405.5,0.1,Sell
1594256119.1886,9405.5,0.001,Buy
1594256126.8279,9405.5,0.028,Buy
1594256126.9844,9405.0,0.002,Sell
1594256146.8366,9404.5,0.549,Buy
1594256147.1884,9404.5,0.01,Buy
1594256149.3852,9404.0,0.001,Sell
1594256149.3852,9404.0,0.001,Sell
1594256149.3852,9404.0,0.009,Sell
1594256149.3852,9404.0,0.005,Sell
1594256149.3852,9404.0,0.009,Sell
1594256149.3852,9404.0,0.015,Sell
1594256149.3852,9404.0,0.001,Sell
1594256149.3852,9404.0,0.083,Sell
1594256149.4153,9403.5,0.005,Sell
1594256150.3841,9402.0,0.002,Sell
1594256150.3841,9402.0,0.001,Sell
1594256150.3841,9402.0,0.012,Sell
1594256150.3841,9402.0,0.002,Sell
1594256150.3841,9402.0,0.032,Sell
1594256150.4841,9401.5,0.005,Sell
1594256150.5842,9401.0,0.098,Sell
1594256150.5842,9401.0,0.002,Sell
1594256150.6841,9401.0,0.1,Sell
1594256150.7843,9401.0,0.1,Sell
1594256150.884,9401.0,0.1,Sell
1594256150.9841,9401.0,0.1,Sell
1594256151.0841,9401.0,0.1,Sell
1594256151.1841,9401.0,0.1,Sell
1594256151.2841,9401.0,0.1,Sell
1594256151.3843,9401.0,0.1,Sell
1594256151.4842,9401.0,0.1,Sell
1594256151.5842,9401.0,0.1,Sell
1594256155.4129,9401.0,0.05,Sell
1594256155.4129,9401.0,0.05,Sell
1594256155.4129,9401.0,0.001,Sell
1594256155.4129,9401.0,0.005,Sell
1594256155.4129,9401.0,0.002,Sell
1594256155.4129,9401.0,0.053,Sell
1594256155.4129,9401.0,0.002,Sell
1594256157.6208,9398.0,0.001,Sell
1594256157.6208,9397.0,0.191,Sell
1594256157.6208,9397.0,0.001,Sell
1594256157.6208,9397.5,0.005,Sell
1594256157.6208,9397.5,0.001,Sell
1594256157.6208,9397.5,0.001,Sell
1594256157.6208,9398.0,0.009,Sell
1594256157.6208,9398.0,0.006,Sell
1594256157.6208,9400.0,0.15,Sell
1594256157.6208,9399.0,0.083,Sell
1594256157.6208,9399.0,0.006,Sell
1594256157.6208,9400.5,0.002,Sell
1594256157.6208,9400.5,0.002,Sell
1594256157.6208,9400.0,0.002,Sell
1594256157.6208,9400.5,0.001,Sell
1594256157.6208,9400.5,0.001,Sell
1594256157.6208,9399.5,0.005,Sell
1594256157.6208,9400.5,0.032,Sell
1594256159.5955,9397.0,0.1,Sell
1594256161.6466,9400.0,0.001,Sell
1594256170.6789,9400.5,0.001,Buy
1594256171.9475,9400.0,1.0,Sell
1594256212.6488,9400.5,2.228,Buy
1594256212.6488,9400.5,0.001,Buy
1594256212.6488,9400.5,0.001,Buy
1594256212.6488,9400.5,0.001,Buy
1594256212.6841,9401.0,0.1,Buy
1594256212.7842,9401.0,0.002,Buy
1594256212.9388,9401.5,0.024,Sell
1594256214.4842,9402.0,0.002,Buy
1594256222.0693,9402.5,0.001,Buy
1594256222.2495,9402.0,0.001,Sell
1594256230.2864,9402.5,0.001,Buy
1594256232.1109,9402.0,0.001,Sell
1594256253.5039,9402.5,0.005,Buy
1594256253.5039,9407.5,1.098,Buy
1594256253.5039,9407.0,0.002,Buy
1594256253.5039,9407.0,0.006,Buy
1594256253.5039,9407.0,0.18,Buy
1594256253.5039,9406.5,0.005,Buy
1594256253.5039,9406.5,0.001,Buy
1594256253.5039,9406.5,0.3,Buy
1594256253.5039,9406.0,0.002,Buy
1594256253.5039,9406.0,0.009,Buy
1594256253.5039,9406.0,0.2,Buy
1594256253.5039,9405.0,0.002,Buy
1594256253.5039,9405.0,0.006,Buy
1594256253.5039,9405.0,0.001,Buy
1594256253.5039,9404.5,0.005,Buy
1594256253.5039,9404.0,0.002,Buy
1594256253.5039,9404.0,0.083,Buy
1594256253.5039,9404.0,0.001,Buy
1594256253.5039,9403.0,0.002,Buy
1594256253.5039,9402.5,0.001,Buy
1594256253.5039,9402.5,0.001,Buy
1594256253.5039,9405.0,0.001,Buy
1594256260.2842,9406.5,0.091,Sell
1594256260.7128,9406.5,5.0,Sell
1594256260.9824,9406.5,0.012,Sell
1594256262.9883,9406.5,0.197,Sell
1594256262.9883,9406.5,0.209,Sell
1594256264.8859,9406.5,0.356,Sell
1594256264.9919,9406.5,0.001,Sell
1594256266.1858,9406.5,0.014,Sell
1594256275.9961,9406.5,0.023,Sell
1594256278.002,9406.5,0.589,Sell
1594256281.4112,9406.5,0.001,Sell
1594256285.8943,9406.5,0.991,Sell
1594256289.0084,9406.5,0.016,Sell
1594256291.0143,9406.5,0.66,Sell
1594256293.4422,9407.0,0.001,Buy
1594256296.1859,9406.5,0.413,Sell
1594256302.0205,9406.5,0.846,Sell
1594256304.0265,9406.5,0.993,Sell
1594256304.9029,9406.5,0.302,Sell
1594256306.0307,9406.5,0.014,Sell
1594256306.8404,9407.0,0.014,Buy
1594256317.0348,9406.5,0.297,Sell
1594256319.0406,9406.5,0.356,Sell
1594256324.6674,9406.5,0.2,Sell
1594256325.9117,9406.5,0.005,Sell
1594256326.1858,9406.5,0.368,Sell
1594256330.047,9406.5,0.166,Sell
1594256331.0528,9406.5,0.816,Sell
1594256341.0601,9406.5,0.001,Sell
1594256343.0658,9406.5,0.638,Sell
1594256344.9206,9406.5,0.535,Sell
1594256363.827,9407.0,0.064,Buy
1594256363.827,9407.0,0.001,Buy
1594256363.827,9407.0,0.001,Buy
1594256363.827,9407.0,0.934,Buy
1594256383.8883,9407.0,0.012,Buy
1594256383.8883,9407.0,0.001,Buy
1594256383.8883,9407.0,0.001,Buy
1594256383.8883,9407.0,0.015,Buy
1594256383.8883,9407.0,0.002,Buy
1594256383.8883,9407.0,0.005,Buy
1594256383.8883,9407.0,0.009,Buy
1594256383.8883,9407.0,0.001,Buy
1594256383.8883,9407.0,0.001,Buy
1594256383.8883,9407.0,0.009,Buy
1594256383.8883,9407.0,0.005,Buy
1594256383.8883,9407.0,2.229,Buy
1594256397.2663,9406.5,0.233,Sell
1594256402.2441,9407.0,0.001,Buy
1594256406.7998,9407.0,0.001,Buy
1594256406.7998,9407.0,0.001,Buy
1594256406.7998,9407.5,0.443,Buy
1594256406.7998,9407.0,0.002,Buy
1594256406.7998,9407.0,0.001,Buy
1594256406.7998,9407.5,0.032,Buy
1594256406.7998,9407.0,0.02,Buy
1594256409.278,9407.0,0.001,Sell
1594256440.0674,9407.0,0.121,Sell
1594256440.0674,9407.0,0.079,Sell
1594256460.5146,9406.0,0.001,Sell
1594256460.5146,9406.0,0.002,Sell
1594256460.5146,9406.0,0.009,Sell
1594256460.5146,9406.0,0.005,Sell
1594256460.5146,9406.0,0.083,Sell
1594256461.5704,9406.0,0.001,Sell
1594256461.9438,9405.0,0.001,Sell
1594256462.1864,9405.5,0.001,Buy
1594256468.9755,9405.5,0.005,Buy
1594256469.9749,9405.5,0.001,Buy
1594256470.6012,9405.5,0.001,Buy
1594256475.1939,9405.5,0.017,Buy
1594256476.1858,9405.5,0.017,Buy
1594256477.1886,9405.5,0.021,Buy
1594256477.863,9405.0,0.002,Sell
1594256477.863,9405.0,0.001,Sell
1594256477.863,9405.0,0.015,Sell
1594256477.863,9405.0,0.001,Sell
1594256477.863,9405.0,0.001,Sell
1594256477.863,9405.0,0.005,Sell
1594256478.7157,9404.0,0.002,Sell
1594256478.7157,9404.0,0.009,Sell
1594256493.3527,9403.0,0.005,Sell
1594256493.3527,9403.0,0.002,Sell
1594256493.4303,9402.0,3.0,Sell
1594256493.4303,9402.0,0.002,Sell
1594256496.898,9401.0,0.005,Sell
1594256496.898,9401.0,0.002,Sell
1594256496.898,9401.0,0.005,Sell
1594256496.898,9401.0,0.001,Sell
1594256496.898,9401.0,0.015,Sell
1594256496.898,9401.0,0.001,Sell
1594256496.898,9401.0,0.001,Sell
1594256496.898,9401.0,0.032,Sell
1594256496.898,9401.0,0.001,Sell
1594256496.898,9401.0,0.002,Sell
1594256496.898,9401.0,0.015,Sell
1594256496.898,9401.0,0.001,Sell
1594256496.898,9401.0,0.002,Sell
1594256498.3985,9400.0,0.002,Sell
1594256498.3985,9400.0,0.053,Sell
1594256507.0425,9398.0,0.006,Sell
1594256507.0425,9397.5,0.006,Sell
1594256507.0425,9398.0,0.032,Sell
1594256507.0425,9398.5,0.002,Sell
1594256507.0425,9398.0,0.009,Sell
1594256507.0425,9399.0,0.002,Sell
1594256507.0425,9398.5,0.002,Sell
1594256507.0425,9399.0,0.006,Sell
1594256507.0425,9398.0,0.001,Sell
1594256507.0425,9399.0,0.002,Sell
1594256507.0425,9399.0,0.083,Sell
1594256507.0425,9399.0,0.002,Sell
1594256522.377,9397.5,0.001,Sell
1594256525.2447,9397.5,0.004,Buy
1594256534.4088,9397.5,0.001,Buy
1594256541.5732,9397.0,0.005,Sell
1594256541.5732,9397.0,0.738,Sell
1594256541.5732,9397.0,0.001,Sell
1594256541.5732,9397.0,0.005,Sell
1594256541.5732,9397.0,0.001,Sell
1594256541.5732,9397.0,0.002,Sell
1594256574.9605,9397.5,0.15,Buy
1594256574.9605,9397.5,0.015,Buy
1594256574.9605,9397.5,0.005,Buy
1594256580.7228,9397.5,0.1,Sell
1594256581.9062,9398.0,0.001,Buy
1594256591.9381,9397.5,0.001,Sell
1594256610.7523,9398.0,0.001,Buy
1594256610.7523,9398.0,0.002,Buy
1594256615.4712,9398.5,0.001,Sell
1594256618.3439,9398.5,0.02,Sell
1594256622.3519,9398.5,0.027,Sell
1594256626.1859,9398.5,0.022,Sell
1594256629.0435,9398.5,0.148,Sell
1594256635.3605,9398.5,0.524,Sell
1594256639.3684,9398.5,0.06,Sell
1594256641.4045,9398.5,0.001,Sell
1594256643.0,9398.5,0.001,Sell
1594256646.443,9399.0,0.001,Buy
1594256648.0522,9398.5,0.621,Sell
1594256649.0296,9399.0,0.001,Buy
1594256652.3763,9398.5,0.021,Sell
1594256654.3803,9398.5,0.54,Sell
1594256656.3842,9398.5,0.027,Sell
1594256664.7736,9398.5,0.214,Sell
1594256669.061,9398.5,0.638,Sell
1594256669.392,9398.5,0.345,Sell
1594256671.3997,9398.5,0.009,Sell
1594256682.4076,9398.5,0.26,Sell
1594256686.4153,9398.5,0.041,Sell
1594256690.0698,9398.5,0.002,Sell
1594256697.4222,9398.5,0.706,Sell
1594256701.43,9398.5,0.224,Sell
1594256709.0789,9398.5,0.02,Sell
1594256711.5641,9398.5,0.18,Sell
1594256752.6243,9398.0,0.001,Sell
1594256752.6243,9398.0,0.018,Sell
1594256752.6243,9398.0,0.001,Sell
1594256761.3612,9398.5,0.001,Buy
1594256769.3935,9398.0,0.001,Sell
1594256818.1356,9398.0,1.01,Sell
1594256818.1356,9398.0,1.0,Sell
1594256818.1356,9397.5,0.029,Sell
1594256818.1356,9397.0,0.002,Sell
1594256818.1356,9396.5,0.001,Sell
1594256818.1356,9396.5,0.005,Sell
1594256818.1356,9396.0,0.011,Sell
1594256818.1356,9396.0,0.001,Sell
1594256818.1356,9396.0,1.049,Sell
1594256818.1356,9396.0,0.092,Sell
1594256821.3128,9396.5,0.001,Buy
1594256821.3426,9396.5,0.001,Buy
1594256829.3443,9396.0,0.001,Sell
1594256829.3723,9396.0,0.001,Sell
1594256869.7251,9396.5,0.008,Buy
1594256869.7251,9396.5,0.552,Buy
1594256875.5979,9396.5,0.01,Buy
1594256875.9381,9396.0,0.005,Sell
1594256877.0733,9394.0,0.43,Sell
1594256877.0733,9396.0,2.227,Sell
1594256877.0733,9394.0,0.002,Sell
1594256877.0733,9394.0,0.001,Sell
1594256877.0733,9394.0,0.242,Sell
1594256877.0733,9394.0,0.002,Sell
1594256877.0733,9394.0,0.083,Sell
1594256877.0733,9394.5,0.005,Sell
1594256877.0733,9394.5,0.004,Sell
1594256877.0733,9395.0,0.002,Sell
1594256877.0733,9395.0,0.003,Sell
1594256877.0733,9395.5,0.001,Sell
1594256877.0733,9394.0,0.005,Sell
1594256877.0733,9396.0,0.015,Sell
1594256877.0733,9396.0,0.008,Sell
1594256877.0733,9396.0,0.005,Sell
1594256877.0733,9396.0,0.007,Sell
1594256877.0733,9396.0,0.002,Sell
1594256877.0733,9396.0,0.001,Sell
1594256877.0733,9396.0,0.001,Sell
1594256877.0733,9396.0,0.053,Sell
1594256877.0733,9396.0,0.001,Sell
1594256877.0733,9396.0,2.229,Sell
1594256880.1835,9394.5,0.007,Buy
1594256890.4411,9394.0,0.053,Sell
1594256890.4411,9394.0,0.39,Sell
1594256890.4411,9394.0,0.124,Sell
1594256890.6093,9394.0,0.016,Sell
1594256892.6169,9394.0,0.014,Sell
1594256893.6207,9394.0,0.889,Sell
1594256903.6246,9394.0,0.023,Sell
1594256905.6322,9394.0,0.008,Sell
1594256906.5624,9394.0,0.648,Sell
1594256907.1658,9394.0,0.609,Sell
1594256916.6399,9394.0,0.99,Sell
1594256920.6476,9394.0,0.028,Sell
1594256928.1746,9394.0,0.028,Sell
1594256933.6553,9394.0,0.005,Sell
1594256935.6629,9394.0,0.326,Sell
1594256941.7931,9394.0,0.001,Sell
1594256946.6708,9394.0,0.012,Sell
1594256949.1833,9394.0,0.104,Sell
1594256949.8272,9394.5,0.001,Buy
1594256950.6783,9394.0,0.93,Sell
1594256963.6861,9394.0,0.014,Sell
1594256965.6939,9394.0,0.027,Sell
1594256970.1917,9394.0,0.023,Sell
1594256976.7015,9394.0,0.021,Sell
1594256980.7091,9394.0,0.194,Sell
1594256980.7091,9394.0,0.13,Sell
1594256982.4602,9394.5,0.28,Buy
1594256986.3842,9394.5,0.1,Buy
1594256986.4009,9394.5,0.62,Buy
1594256986.4009,9394.5,0.005,Buy
1594256986.4841,9395.0,0.002,Buy
1594256986.5842,9396.0,0.05,Buy
1594256986.5842,9396.0,0.002,Buy
1594256986.6841,9396.5,0.005,Buy
1594256986.784,9397.0,0.098,Buy
1594256986.784,9397.0,0.002,Buy
1594256986.8842,9397.0,0.1,Buy
1594256986.9843,9397.0,0.1,Buy
1594256987.0847,9397.0,0.1,Buy
1594256987.1842,9397.0,0.1,Buy
1594256987.2842,9397.0,0.001,Buy
1594256987.2842,9397.0,0.015,Buy
1594256987.3844,9398.0,0.002,Buy
1594256987.4842,9398.5,0.005,Buy
1594256987.4842,9398.5,0.095,Buy
1594256987.5846,9398.5,0.1,Buy
1594256987.6841,9398.5,0.1,Buy
1594256987.7841,9398.5,0.1,Buy
1594256987.8842,9398.5,0.1,Buy
1594256987.9842,9398.5,0.1,Buy
1594256988.0842,9398.5,0.1,Buy
1594256988.1848,9398.5,0.1,Buy
1594256988.2844,9398.5,0.1,Buy
1594256988.3841,9398.5,0.1,Buy
1594256988.4842,9398.5,0.1,Buy
1594256988.5847,9398.5,0.1,Buy
1594256988.6842,9398.5,0.1,Buy
1594256988.7841,9398.5,0.1,Buy
1594256988.8844,9398.5,0.1,Buy
1594256988.9844,9398.5,0.1,Buy
1594256989.0842,9398.5,0.1,Buy
1594256989.1842,9398.5,0.1,Buy
1594256989.2004,9398.0,0.004,Sell
1594256989.2842,9398.5,0.1,Buy
1594256989.3842,9398.5,0.04,Buy
1594256993.7167,9398.5,0.199,Sell
1594256995.7242,9398.5,0.178,Sell
1594257001.3712,9399.0,0.001,Buy
1594257001.5208,9398.5,0.001,Sell
1594257006.7318,9398.5,0.201,Sell
1594257008.2089,9398.5,0.017,Sell
1594257008.4017,9398.5,0.001,Sell
1594257010.7394,9398.5,0.025,Sell
1594257013.5543,9399.0,0.001,Buy
1594257095.5111,9399.0,0.001,Buy
1594257110.8402,9398.5,0.001,Sell
1594257110.8402,9398.5,0.003,Sell
1594257121.3272,9399.0,0.001,Buy
1594257121.5902,9398.5,0.001,Sell
1594257121.9989,9398.5,0.001,Sell
1594257122.8715,9398.5,0.048,Sell
1594257126.623,9398.5,0.001,Buy
1594257131.0327,9398.5,0.001,Buy
1594257131.3601,9398.0,0.001,Sell
1594257131.8912,9398.0,0.002,Sell
1594257134.0859,9397.0,0.002,Sell
1594257135.2358,9396.5,0.005,Sell
1594257135.7518,9396.0,0.002,Sell
1594257136.1859,9395.5,0.024,Buy
1594257138.1886,9395.5,0.017,Buy
1594257144.8734,9395.5,0.012,Buy
1594257146.8811,9395.5,0.329,Buy
1594257148.2791,9395.5,0.026,Buy
1594257151.183,9395.5,0.217,Buy
1594257158.889,9395.5,0.013,Buy
1594257161.6883,9395.0,0.007,Sell
1594257161.6883,9395.0,0.015,Sell
1594257161.6883,9395.0,1.0,Sell
1594257161.6883,9395.0,0.001,Sell
1594257161.6883,9395.0,0.002,Sell
1594257161.7952,9394.5,2.0,Sell
1594257161.8875,9394.0,0.141,Sell
1594257161.8875,9394.0,0.002,Sell
1594257162.4114,9393.5,0.032,Sell
1594257162.4114,9393.5,0.001,Sell
1594257162.4114,9393.5,0.009,Sell
1594257162.8036,9393.0,0.002,Sell
1594257162.8036,9393.0,0.005,Sell
1594257162.8036,9393.0,0.002,Sell
1594257162.8036,9393.0,0.005,Sell
1594257162.8036,9393.0,0.001,Sell
1594257162.8093,9391.0,0.009,Sell
1594257162.8093,9391.0,0.014,Sell
1594257162.8093,9391.0,0.005,Sell
1594257162.8093,9391.0,0.002,Sell
1594257162.8093,9391.0,0.001,Sell
1594257162.8093,9391.0,0.006,Sell
1594257162.8093,9391.0,0.001,Sell
1594257162.8093,9391.0,0.001,Sell
1594257162.8093,9391.5,0.006,Sell
1594257162.8093,9392.0,0.002,Sell
1594257162.8093,9392.0,0.001,Sell
1594257162.8093,9392.0,0.05,Sell
1594257162.8093,9392.0,0.002,Sell
1594257162.8096,9391.0,0.5,Sell
1594257162.8097,9391.0,2.244,Sell
1594257162.8097,9391.0,1.856,Sell
1594257174.4402,9391.0,0.016,Sell
1594257174.4402,9391.0,0.3,Sell
1594257174.4402,9391.0,1.023,Sell
1594257174.4402,9391.0,0.661,Sell
1594257186.1374,9391.0,0.001,Sell
1594257186.1374,9391.0,0.001,Sell
1594257186.1374,9391.0,0.009,Sell
1594257186.1374,9391.0,0.005,Sell
1594257186.1374,9391.0,0.001,Sell
1594257186.1374,9391.0,0.001,Sell
1594257186.1374,9391.0,0.001,Sell
1594257186.1493,9390.5,0.298,Sell
1594257186.1493,9390.5,0.001,Sell
1594257186.1493,9390.5,0.001,Sell
1594257186.1517,9390.0,0.002,Sell
1594257186.1517,9390.5,0.202,Sell
1594257186.1517,9390.0,0.001,Sell
1594257186.1517,9390.0,0.2,Sell
1594257186.1517,9390.0,0.111,Sell
1594257186.1517,9390.0,0.002,Sell
1594257186.1517,9390.0,0.001,Sell
1594257186.1517,9390.0,0.01,Sell
1594257186.1517,9390.0,0.145,Sell
1594257186.1517,9390.0,0.079,Sell
1594257186.1517,9390.0,0.05,Sell
1594257186.1517,9390.0,1.577,Sell
1594257186.1577,9390.0,0.03,Sell
1594257186.1577,9390.0,0.132,Sell
1594257186.1583,9390.5,0.01,Buy
1594257186.1583,9391.0,0.03,Buy
1594257186.1604,9390.0,0.002,Sell
1594257186.1604,9390.0,1.653,Sell
1594257186.1707,9389.0,0.096,Sell
1594257186.1768,9389.0,0.001,Sell
1594257186.1768,9389.0,0.083,Sell
1594257186.1768,9389.0,0.704,Sell
1594257186.1768,9389.0,0.212,Sell
1594257186.2836,9389.0,0.288,Sell
1594257186.2836,9389.0,0.005,Sell
1594257186.2836,9389.0,0.002,Sell
1594257186.4313,9388.0,0.034,Sell
1594257186.4313,9388.0,0.25,Sell
1594257186.4313,9388.0,0.002,Sell
1594257186.4632,9387.5,0.002,Sell
1594257189.8093,9387.0,0.002,Sell
1594257189.8093,9387.0,0.001,Sell
1594257189.8093,9387.0,0.001,Sell
1594257189.8093,9387.0,0.001,Sell
1594257189.8093,9387.0,0.001,Sell
1594257189.8093,9387.0,0.01,Sell
1594257189.8093,9387.0,0.053,Sell
1594257189.8093,9387.0,0.002,Sell
1594257189.8093,9387.0,0.002,Sell
1594257189.815,9387.0,0.561,Buy
1594257190.3851,9386.0,0.002,Sell
1594257190.3851,9386.5,0.006,Sell
1594257190.3851,9386.5,0.001,Sell
1594257190.3851,9386.5,0.001,Sell
1594257190.3851,9386.0,0.002,Sell
1594257190.3851,9386.0,0.05,Sell
1594257190.3851,9386.0,0.178,Sell
1594257199.3842,9386.5,0.1,Buy
1594257199.4855,9386.5,0.1,Buy
1594257199.5842,9386.5,0.015,Buy
1594257201.3843,9387.5,0.005,Buy
1594257205.2994,9387.5,0.5,Sell
1594257210.3032,9388.0,0.002,Buy
1594257210.3032,9388.0,0.001,Buy
1594257210.3032,9389.0,0.002,Buy
1594257210.3032,9389.5,0.005,Buy
1594257210.3032,9389.5,0.29,Buy
1594257210.3098,9389.5,1.0,Buy
1594257216.9216,9389.5,0.5,Buy
1594257218.0473,9389.5,0.05,Buy
1594257233.9609,9389.5,0.015,Sell
1594257235.4697,9390.0,0.002,Buy
1594257235.4697,9390.0,0.001,Buy
1594257235.4697,9391.0,0.002,Buy
1594257235.4697,9391.0,0.001,Buy
1594257235.4697,9391.0,0.002,Buy
1594257235.4697,9391.5,0.005,Buy
1594257235.4697,9392.0,0.002,Buy
1594257235.4697,9392.5,0.184,Buy
1594257235.4697,9390.0,0.001,Buy
1594257235.9623,9392.5,0.1,Sell
1594257240.0536,9392.0,0.001,Sell
1594257240.0536,9390.0,0.098,Sell
1594257240.0536,9392.5,0.001,Sell
1594257241.3321,9390.0,0.001,Sell
1594257242.5533,9390.5,0.001,Buy
1594257245.2223,9390.0,0.015,Sell
1594257245.2223,9390.0,0.949,Sell
1594257245.2223,9390.0,0.021,Sell
1594257245.2223,9390.0,0.009,Sell
1594257245.2223,9390.0,0.001,Sell
1594257245.2223,9390.0,0.001,Sell
1594257245.2223,9390.0,0.001,Sell
1594257245.2223,9390.0,0.002,Sell
1594257245.2223,9390.0,0.001,Sell
1594257247.3629,9390.5,0.001,Buy
1594257250.6013,9390.0,0.001,Sell
1594257257.778,9389.5,0.489,Sell
1594257257.778,9390.0,0.001,Sell
1594257257.778,9390.0,0.001,Sell
1594257257.778,9390.0,0.001,Sell
1594257257.778,9390.0,0.001,Sell
1594257257.778,9390.0,0.003,Sell
1594257257.778,9390.0,0.002,Sell
1594257257.778,9390.0,0.002,Sell
1594257261.8772,9389.5,0.001,Sell
1594257261.8772,9389.5,0.001,Sell
1594257261.9017,9389.0,0.001,Sell
1594257261.9017,9389.0,0.002,Sell
1594257262.1464,9388.0,0.005,Sell
1594257262.1464,9388.0,0.002,Sell
1594257265.9947,9387.5,0.029,Buy
1594257268.0675,9387.0,0.042,Sell
1594257268.0675,9387.0,0.001,Sell
1594257268.0675,9387.0,0.002,Sell
1594257268.0675,9387.0,0.053,Sell
1594257268.0675,9387.0,0.002,Sell
1594257269.3323,9387.5,0.022,Buy
1594257270.0021,9387.5,0.001,Buy
1594257283.0154,9387.5,0.013,Buy
1594257283.2437,9387.0,0.065,Sell
1594257283.2437,9387.0,0.001,Sell
1594257283.2437,9387.0,0.001,Sell
1594257283.2437,9387.0,0.033,Sell
1594257288.1885,9387.5,0.086,Buy
1594257289.3416,9387.5,0.937,Buy
1594257294.0892,9387.5,0.4,Buy
1594257296.0306,9387.5,0.026,Buy
1594257301.3534,9387.5,0.001,Buy
1594257302.031,9387.5,0.001,Buy
1594257303.0062,9387.0,0.002,Sell
1594257303.0062,9387.0,0.967,Sell
1594257305.8873,9386.0,1.822,Sell
1594257305.8873,9386.0,0.032,Sell
1594257305.8873,9386.0,0.005,Sell
1594257305.8873,9386.0,0.002,Sell
1594257308.0443,9385.5,0.56,Buy
1594257308.3505,9385.5,0.619,Buy
1594257308.9843,9385.0,0.001,Sell
1594257308.9843,9385.0,0.002,Sell
1594257308.9843,9385.0,0.003,Sell
1594257308.9843,9385.0,0.05,Sell
1594257308.9843,9385.0,0.001,Sell
1594257308.9843,9385.0,0.043,Sell
1594257308.99,9385.0,0.257,Sell
1594257308.99,9385.0,0.754,Sell
1594257308.99,9385.0,0.025,Sell
1594257308.996,9385.0,0.435,Sell
1594257309.0842,9385.0,0.1,Sell
1594257309.1841,9385.0,0.1,Sell
1594257309.2872,9385.0,0.1,Sell
1594257309.3842,9385.0,0.1,Sell
1594257309.3859,9385.0,0.001,Sell
1594257309.4842,9385.0,0.1,Sell
1594257309.5843,9385.0,0.1,Sell
1594257309.6842,9385.0,0.1,Sell
1594257309.7842,9385.0,0.1,Sell
1594257309.8842,9385.0,0.1,Sell
1594257309.9842,9385.0,0.1,Sell
1594257317.1887,9385.5,0.797,Buy
1594257327.3631,9385.5,0.359,Buy
1594257333.3823,9385.0,0.005,Sell
1594257333.3823,9385.0,0.001,Sell
1594257333.3823,9385.0,0.015,Sell
1594257333.3823,9384.5,0.004,Sell
1594257333.3823,9384.5,0.001,Sell
1594257333.3823,9384.0,0.356,Sell
1594257333.3823,9385.0,0.118,Sell
1594257343.2229,9384.0,0.018,Sell
1594257347.0927,9384.5,0.01,Buy
1594257347.0927,9384.5,2.99,Buy
1594257354.5119,9384.5,0.005,Buy
1594257354.5119,9384.5,0.015,Buy
1594257354.5119,9384.5,0.002,Buy
1594257354.5119,9384.5,0.002,Buy
1594257361.5758,9385.0,0.001,Buy
1594257366.4001,9385.0,0.005,Buy
1594257369.6084,9384.5,0.001,Sell
1594257408.6339,9385.0,0.002,Buy
1594257408.6339,9385.0,0.063,Buy
1594257410.1311,9385.0,0.184,Buy
1594257411.9393,9385.0,0.002,Buy
1594257413.6191,9388.5,0.083,Buy
1594257413.6191,9388.0,0.001,Buy
1594257413.6191,9388.5,0.005,Buy
1594257413.6191,9386.5,0.005,Buy
1594257413.6191,9386.0,0.002,Buy
1594257413.6191,9387.0,0.002,Buy
1594257413.6191,9388.0,0.002,Buy
1594257421.139,9388.0,0.01,Sell
1594257421.139,9388.0,0.49,Sell
1594257421.1545,9388.5,0.05,Buy
1594257421.6306,9388.0,0.001,Sell
1594257422.309,9388.0,0.2,Sell
1594257426.4279,9388.5,0.02,Buy
1594257429.6629,9388.5,0.001,Buy
1594257430.6133,9388.5,0.198,Buy
1594257445.6335,9388.5,0.001,Buy
1594257445.7476,9389.0,0.001,Buy
1594257445.7476,9389.0,0.002,Buy
1594257447.4346,9390.0,0.002,Buy
1594257447.4842,9390.5,0.032,Buy
1594257447.6835,9391.0,0.001,Buy
1594257447.6835,9391.0,0.002,Buy
1594257450.5639,9391.5,0.009,Buy
1594257450.5639,9391.5,0.001,Buy
1594257450.5639,9391.5,0.001,Buy
1594257450.5639,9391.5,0.001,Buy
1594257450.5639,9391.5,0.002,Buy
1594257450.5639,9391.5,0.053,Buy
1594257450.5639,9391.5,0.009,Buy
1594257450.5639,9391.5,0.001,Buy
1594257450.5639,9391.5,0.001,Buy
1594257450.5639,9391.5,0.015,Buy
1594257450.5639,9391.5,0.005,Buy
1594257450.5639,9391.5,0.001,Buy
1594257450.5639,9391.5,0.001,Buy
1594257451.8814,9392.0,0.002,Buy
1594257451.8814,9392.0,0.001,Buy
1594257451.8814,9392.0,0.107,Buy
1594257451.8814,9392.0,0.001,Buy
1594257451.8814,9392.0,0.001,Buy
1594257452.8842,9393.0,0.005,Buy
1594257452.8842,9393.0,0.053,Buy
1594257452.8842,9393.0,0.002,Buy
1594257452.8842,9393.0,0.002,Buy
1594257452.8842,9393.0,0.001,Buy
1594257456.1891,9393.5,0.416,Sell
1594257458.195,9393.5,0.975,Sell
1594257463.4227,9393.5,0.016,Sell
1594257466.1858,9393.5,0.001,Sell
1594257467.1886,9393.5,0.024,Sell
1594257469.2011,9393.5,0.808,Sell
1594257470.207,9393.5,0.042,Sell
1594257471.2109,9393.5,0.115,Sell
1594257473.9301,9394.0,0.915,Buy
1594257473.9301,9394.0,0.083,Buy
1594257473.9301,9394.0,0.002,Buy
1594257481.215,9393.5,0.008,Sell
1594257483.0321,9393.5,0.001,Sell
1594257483.2075,9394.0,0.019,Buy
1594257483.2075,9394.0,0.053,Buy
1594257483.2075,9394.0,0.002,Buy
1594257483.2075,9394.0,0.009,Buy
1594257483.2075,9394.0,0.001,Buy
1594257483.2075,9394.0,0.016,Buy
1594257483.2208,9393.5,0.005,Sell
1594257495.0628,9394.5,0.001,Buy
1594257495.0683,9394.5,0.05,Buy
1594257504.7634,9394.0,0.2,Sell
1594257512.6597,9393.5,0.182,Sell
1594257512.6597,9394.0,0.001,Sell
1594257512.6597,9394.0,0.014,Sell
1594257512.6597,9394.0,0.001,Sell
1594257512.6597,9394.0,0.002,Sell
1594257551.2999,9393.5,0.131,Sell
1594257551.2999,9393.5,0.001,Sell
1594257601.332,9394.0,0.001,Buy
1594257602.7302,9393.5,0.001,Sell
1594257607.7644,9394.0,0.001,Buy
1594257608.3732,9393.5,0.001,Sell
1594257636.765,9394.0,0.002,Buy
1594257654.4586,9394.0,0.13,Buy
1594257663.4179,9394.0,0.001,Buy
1594257673.45,9393.5,0.001,Sell
1594257684.4246,9394.5,0.023,Sell
1594257685.4285,9394.5,0.834,Sell
1594257686.4323,9394.5,0.006,Sell
1594257697.4402,9394.5,0.024,Sell
1594257697.5275,9394.5,0.024,Sell
1594257699.448,9394.5,0.004,Sell
1594257706.1858,9394.5,0.002,Sell
1594257707.1885,9394.5,0.01,Sell
1594257710.4559,9394.5,0.023,Sell
1594257712.4636,9394.5,0.001,Sell
1594257718.5361,9394.5,0.006,Sell
1594257721.5594,9395.0,0.001,Buy
1594257723.4716,9394.5,0.289,Sell
1594257727.4794,9394.5,0.935,Sell
1594257729.5903,9394.5,0.001,Sell
1594257736.1859,9394.5,0.017,Sell
1594257739.1886,9394.5,0.46,Sell
1594257739.5448,9394.5,0.02,Sell
1594257740.4872,9394.5,0.696,Sell
1594257744.4948,9394.5,0.463,Sell
1594257757.5027,9394.5,0.019,Sell
1594257758.5536,9394.5,0.219,Sell
1594257761.5104,9394.5,0.097,Sell
1594257763.1735,9395.0,0.001,Buy
1594257763.1735,9395.0,0.002,Buy
1594257763.1735,9395.0,0.001,Buy
1594257766.9325,9395.5,0.3,Sell
1594257770.8903,9396.0,0.005,Buy
1594257770.8903,9396.0,0.053,Buy
1594257770.8903,9396.0,0.002,Buy
1594257771.0203,9397.0,0.001,Buy
1594257771.0203,9397.0,0.002,Buy
1594257776.8387,9398.0,0.005,Buy
1594257776.8387,9398.0,0.002,Buy
1594257776.8387,9398.0,0.006,Buy
1594257776.8387,9398.0,0.001,Buy
1594257776.8387,9398.0,0.009,Buy
1594257776.8387,9398.0,0.005,Buy
1594257781.5765,9398.5,0.001,Sell
1594257781.9966,9399.0,0.008,Buy
1594257782.1826,9399.0,0.001,Buy
1594257790.2271,9398.5,0.001,Sell
1594257790.6069,9399.0,0.001,Buy
1594257791.5201,9399.0,0.001,Buy
1594257791.5201,9399.0,0.002,Buy
1594257791.5201,9399.0,0.053,Buy
1594257791.5201,9399.0,0.006,Buy
1594257791.5201,9399.0,0.085,Buy
1594257791.5201,9399.0,0.032,Buy
1594257791.5201,9399.0,0.069,Buy
1594257793.4142,9399.0,0.3,Sell
1594257794.0863,9399.5,0.001,Buy
1594257794.0863,9399.5,0.002,Buy
1594257794.0863,9399.5,0.001,Buy
1594257794.0863,9399.5,0.001,Buy
1594257794.0863,9399.5,0.01,Buy
1594257794.0863,9399.5,0.001,Buy
1594257794.0863,9399.5,0.009,Buy
1594257795.5413,9399.5,0.426,Sell
1594257796.5718,9399.5,0.012,Sell
1594257808.549,9399.5,0.094,Sell
1594257812.5568,9399.5,0.108,Sell
1594257817.5806,9399.5,0.447,Sell
1594257825.5648,9399.5,0.943,Sell
1594257827.5725,9399.5,0.018,Sell
1594257836.1353,9403.0,0.001,Buy
1594257836.1353,9403.0,0.002,Buy
1594257836.1353,9402.0,0.002,Buy
1594257836.1353,9402.0,0.002,Buy
1594257836.1353,9402.0,0.002,Buy
1594257836.1353,9401.0,0.002,Buy
1594257836.1353,9401.0,0.005,Buy
1594257836.1353,9401.0,0.003,Buy
1594257836.1353,9403.0,0.005,Buy
1594257836.1353,9401.0,0.034,Buy
1594257836.1353,9400.0,0.002,Buy
1594257836.1353,9400.0,0.001,Buy
1594257836.1353,9400.0,0.245,Buy
1594257836.1353,9400.0,0.22,Buy
1594257836.1353,9400.0,0.002,Buy
1594257836.1353,9400.0,0.01,Buy
1594257836.1353,9401.0,0.002,Buy
1594257836.1353,9403.5,0.46,Buy
1594257836.1427,9403.5,0.462,Buy
1594257836.1427,9403.5,0.05,Buy
1594257841.4314,9402.5,0.001,Sell
1594257847.4662,9403.0,0.001,Buy
1594257883.3744,9403.0,0.001,Buy
1594257883.3744,9403.0,0.001,Buy
1594257883.3744,9403.0,0.104,Buy
1594257884.6072,9403.0,0.046,Buy
1594257884.6072,9403.0,0.113,Buy
1594257898.2939,9403.0,0.012,Buy
1594257898.2939,9403.0,0.06,Buy
1594257898.2939,9403.0,0.037,Buy
1594257901.2933,9403.0,0.001,Buy
1594257902.4175,9402.5,0.001,Sell
1594257903.7454,9403.0,0.2,Buy
1594257905.4367,9402.5,0.354,Sell
1594257909.3287,9402.5,0.001,Sell
1594257910.4474,9403.0,0.001,Buy
1594257941.9314,9403.0,0.001,Buy
1594257945.9264,9402.5,0.109,Sell
1594257946.813,9402.5,0.001,Sell
1594257962.5223,9402.5,0.001,Sell
1594257974.5605,9403.0,0.001,Buy
1594258048.6861,9402.5,0.092,Sell
1594258050.0844,9402.5,0.1,Sell
1594258050.1843,9402.5,0.1,Sell
1594258050.2842,9402.5,0.1,Sell
1594258050.3844,9402.5,0.1,Sell
1594258050.4842,9402.5,0.1,Sell
1594258050.5842,9402.5,0.1,Sell
1594258050.6841,9402.5,0.1,Sell
1594258050.7842,9402.5,0.1,Sell
1594258050.8841,9402.5,0.1,Sell
1594258054.9466,9402.5,0.07,Sell
1594258060.5145,9403.0,0.001,Buy
1594258082.2366,9402.5,0.001,Sell
1594258087.2752,9403.0,0.001,Buy
1594258107.0322,9402.5,0.029,Sell
1594258107.0322,9402.5,0.077,Sell
1594258118.2772,9402.5,0.097,Sell
1594258174.9046,9402.5,0.1,Sell
1594258202.0472,9403.0,0.001,Buy
1594258202.9847,9403.0,0.001,Buy
1594258203.0159,9403.0,0.001,Buy
1594258209.0917,9402.5,0.001,Sell
1594258211.0619,9402.5,0.001,Sell
1594258213.0213,9402.5,0.001,Sell
1594258248.2987,9403.0,0.002,Buy
1594258261.7704,9403.0,0.001,Buy
1594258269.8029,9402.5,0.001,Sell
1594258273.0237,9402.5,0.5,Sell
1594258291.8681,9403.0,0.993,Buy
1594258291.8681,9403.0,0.007,Buy
1594258348.8521,9403.0,0.4,Buy
1594258373.2211,9403.0,0.492,Buy
1594258381.6913,9402.5,0.001,Sell
1594258389.7233,9403.0,0.001,Buy
1594258441.446,9402.5,0.001,Sell
1594258441.5852,9402.5,0.023,Sell
1594258442.2538,9403.0,0.001,Buy
1594258443.0785,9402.5,0.001,Sell
1594258443.1272,9402.5,0.001,Sell
1594258449.1588,9403.0,0.001,Buy
1594258450.2989,9402.5,0.001,Sell
1594258452.1178,9403.0,0.001,Buy
1594258453.4776,9403.0,0.001,Buy
1594258469.7427,9403.0,0.051,Buy
1594258481.7251,9402.5,0.05,Sell
1594258533.3734,9403.0,1.0,Buy
1594258536.9873,9402.5,0.228,Sell
1594258547.6744,9402.5,0.22,Sell
1594258561.3644,9402.5,0.001,Sell
1594258566.397,9403.0,0.001,Buy
1594258681.2644,9403.0,0.001,Buy
1594258688.7939,9402.5,0.5,Sell
1594258689.3026,9402.5,0.001,Sell
1594258740.1899,9403.0,0.002,Buy
1594258741.5734,9403.0,0.001,Buy
1594258742.021,9403.0,0.001,Buy
1594258749.6057,9402.5,0.001,Sell
1594258752.0535,9402.5,0.001,Sell
1594258769.4421,9402.5,0.45,Sell
1594258798.0288,9402.5,0.5,Sell
1594258803.3201,9403.0,0.001,Buy
1594258810.352,9402.5,0.001,Sell
1594258861.6153,9402.5,0.001,Sell
1594258869.649,9403.0,0.001,Buy
1594258922.3641,9402.5,0.001,Sell
1594258933.7748,9402.5,0.45,Sell
1594258934.394,9403.0,0.001,Buy
1594258981.7191,9403.0,0.001,Buy
1594258989.7597,9402.5,0.001,Sell
1594258999.2651,9403.0,0.001,Buy
1594259013.6223,9402.5,0.001,Sell
1594259029.2706,9402.5,0.05,Sell
1594259035.4191,9403.0,0.05,Buy
1594259036.3205,9402.5,0.022,Sell
1594259037.4826,9402.5,0.05,Sell
1594259039.6881,9403.0,0.05,Buy
1594259041.489,9402.5,0.001,Sell
1594259041.6084,9402.5,0.001,Sell
1594259046.5205,9403.0,0.001,Buy
1594259047.6379,9403.0,0.001,Buy
1594259103.2238,9402.5,0.001,Sell
1594259112.2609,9403.0,0.001,Buy
1594259161.503,9403.0,0.001,Buy
1594259168.8214,9402.5,0.027,Sell
1594259169.5446,9402.5,0.001,Sell
1594259169.7861,9402.5,0.01,Sell
1594259181.9295,9403.0,4.402,Buy
1594259181.9295,9403.0,0.05,Buy
1594259181.9295,9403.0,0.05,Buy
1594259181.9295,9403.0,5.59,Buy
1594259181.9295,9403.0,1.448,Buy
1594259185.8502,9403.0,0.01,Buy
1594259185.9999,9403.0,0.02,Buy
1594259190.0085,9403.0,0.01,Buy
1594259192.1877,9403.0,0.021,Buy
1594259193.8851,9402.5,0.624,Sell
1594259193.8851,9402.5,0.376,Sell
1594259202.0163,9403.0,0.472,Buy
1594259204.024,9403.0,0.02,Buy
1594259206.1858,9403.0,0.642,Buy
1594259211.1963,9403.0,0.897,Buy
1594259215.0181,9402.5,0.1,Sell
1594259215.0318,9403.0,0.015,Buy
1594259221.2473,9403.0,0.001,Buy
1594259228.0457,9403.0,0.123,Buy
1594259229.2816,9402.5,0.001,Sell
1594259231.2048,9403.0,0.016,Buy
1594259243.0595,9403.0,0.012,Buy
1594259251.2134,9403.0,0.443,Buy
1594259281.6504,9403.0,0.001,Buy
1594259291.6949,9402.5,0.001,Sell
1594259293.273,9403.0,0.124,Buy
1594259317.1294,9402.5,0.002,Sell
1594259341.2901,9402.0,0.001,Sell
1594259341.9548,9402.0,0.05,Sell
1594259349.3216,9402.5,0.001,Buy
1594259378.977,9402.0,0.249,Sell
1594259378.977,9402.0,0.002,Sell
1594259384.8783,9401.0,0.002,Sell
1594259384.8783,9401.0,0.001,Sell
1594259387.249,9400.5,0.005,Sell
1594259387.249,9400.5,0.005,Sell
1594259387.2715,9400.5,0.021,Buy
1594259401.0257,9400.0,0.001,Sell
1594259401.0257,9400.0,0.002,Sell
1594259401.0257,9400.0,0.101,Sell
1594259401.0312,9400.0,0.2,Buy
1594259401.7043,9399.5,0.001,Buy
1594259402.0847,9399.0,0.001,Sell
1594259404.6843,9399.0,0.1,Sell
1594259404.7059,9399.0,2.135,Sell
1594259405.7843,9398.5,0.05,Sell
1594259405.7843,9398.5,0.001,Sell
1594259405.7843,9398.5,0.005,Sell
1594259407.7845,9398.0,0.07,Sell
1594259407.7845,9398.0,0.002,Sell
1594259407.8842,9397.5,0.032,Sell
1594259407.9842,9397.0,0.002,Sell
1594259407.9842,9397.0,0.098,Sell
1594259407.9898,9397.0,1.0,Sell
1594259408.0842,9397.0,0.1,Sell
1594259408.1842,9397.0,0.1,Sell
1594259408.2841,9397.0,0.1,Sell
1594259408.3841,9397.0,0.1,Sell
1594259408.4841,9397.0,0.1,Sell
1594259408.5845,9397.0,0.1,Sell
1594259408.6842,9397.0,0.1,Sell
1594259408.7402,9397.0,0.001,Sell
1594259408.7842,9397.0,0.1,Sell
1594259408.8842,9397.0,0.1,Sell
1594259408.9842,9397.0,0.1,Sell
1594259409.2827,9397.5,0.3,Buy
1594259410.7842,9396.0,0.098,Sell
1594259410.7842,9396.0,0.002,Sell
1594259410.8842,9396.0,0.1,Sell
1594259410.9842,9396.0,0.1,Sell
1594259414.1177,9396.5,0.001,Buy
1594259420.3286,9396.0,0.005,Sell
1594259420.3286,9396.0,0.16,Sell
1594259420.3286,9396.0,0.1,Sell
1594259420.3286,9396.0,0.005,Sell
1594259422.3982,9395.5,0.001,Sell
1594259422.3982,9395.5,0.04,Sell
1594259422.3982,9395.5,0.002,Sell
1594259422.3982,9395.5,0.002,Sell
1594259422.3982,9395.5,0.05,Sell
1594259424.2412,9395.5,0.012,Buy
1594259425.508,9393.5,0.002,Sell
1594259425.508,9395.0,0.005,Sell
1594259425.508,9395.0,0.002,Sell
1594259425.508,9394.0,0.083,Sell
1594259425.508,9394.0,0.002,Sell
1594259425.508,9394.0,0.002,Sell
1594259425.508,9393.5,0.004,Sell
1594259425.508,9393.5,0.001,Sell
1594259425.508,9393.5,0.002,Sell
1594259425.508,9393.0,0.1,Sell
1594259425.508,9393.0,0.005,Sell
1594259425.508,9393.0,0.29,Sell
1594259425.508,9393.0,0.002,Sell
1594259425.5148,9393.0,0.769,Sell
1594259425.5148,9393.0,0.002,Sell
1594259425.5148,9392.5,0.048,Sell
1594259425.5148,9392.5,1.181,Sell
1594259428.2912,9392.5,0.01,Buy
1594259429.1445,9392.0,0.002,Sell
1594259429.1445,9392.0,0.002,Sell
1594259429.1445,9392.0,0.496,Sell
1594259432.7372,9391.0,0.463,Sell
1594259432.7372,9391.0,0.009,Sell
1594259432.7372,9391.0,0.006,Sell
1594259432.7372,9392.0,0.005,Sell
1594259432.7372,9391.0,0.001,Sell
1594259432.7372,9391.5,0.006,Sell
1594259432.7372,9392.0,0.009,Sell
1594259432.7372,9391.0,0.001,Sell
1594259446.4002,9391.0,0.5,Sell
1594259457.6725,9391.0,0.5,Sell
1594259468.5712,9391.0,0.537,Sell
1594259468.5712,9391.0,0.053,Sell
1594259468.5712,9391.0,0.01,Sell
1594259521.3402,9391.0,0.001,Sell
1594259521.5575,9391.5,0.001,Buy
1594259526.3718,9391.5,0.001,Buy
1594259529.5898,9391.0,0.001,Sell
1594259543.3354,9391.0,1.07,Sell
1594259555.9545,9391.0,0.001,Sell
1594259555.9545,9391.0,0.001,Sell
1594259555.9545,9391.0,0.051,Sell
1594259555.9545,9391.0,0.001,Sell
1594259555.9545,9391.0,0.5,Sell
1594259555.9545,9391.0,0.001,Sell
1594259556.0144,9390.5,0.001,Sell
1594259556.0144,9390.5,0.001,Sell
1594259556.084,9390.0,0.002,Sell
1594259556.084,9390.0,0.002,Sell
1594259556.084,9390.0,0.1,Sell
1594259556.084,9390.0,0.002,Sell
1594259556.0896,9390.0,0.156,Buy
1594259556.4005,9389.5,0.001,Sell
1594259556.4005,9389.5,0.002,Sell
1594259556.4005,9389.5,0.107,Sell
1594259556.4005,9389.5,0.001,Sell
1594259556.4646,9389.5,0.001,Sell
1594259557.795,9389.0,0.001,Sell
1594259557.795,9389.0,0.001,Sell
1594259557.795,9389.0,0.001,Sell
1594259557.795,9389.0,0.001,Sell
1594259557.795,9389.0,0.005,Sell
1594259557.795,9389.0,0.009,Sell
1594259557.795,9389.0,0.002,Sell
1594259557.795,9389.0,0.001,Sell
1594259557.795,9389.0,0.083,Sell
1594259557.795,9389.0,0.005,Sell
1594259561.6902,9388.0,0.034,Sell
1594259561.6902,9388.0,0.12,Sell
1594259561.6902,9388.0,0.002,Sell
1594259561.6902,9388.0,0.002,Sell
1594259561.6902,9388.0,0.009,Sell
1594259561.6902,9388.0,0.053,Sell
1594259561.696,9385.0,0.2,Sell
1594259561.696,9385.0,0.001,Sell
1594259561.696,9384.0,0.008,Sell
1594259561.696,9385.0,0.05,Sell
1594259561.696,9385.0,0.003,Sell
1594259561.696,9385.5,0.009,Sell
1594259561.696,9385.0,0.002,Sell
1594259561.696,9386.0,0.005,Sell
1594259561.696,9386.5,0.002,Sell
1594259561.696,9386.0,0.032,Sell
1594259561.696,9386.0,0.002,Sell
1594259561.696,9386.5,0.5,Sell
1594259561.696,9386.5,0.002,Sell
1594259561.696,9386.5,0.002,Sell
1594259561.696,9386.5,0.002,Sell
1594259561.696,9387.0,0.15,Sell
1594259561.696,9386.0,0.002,Sell
1594259561.696,9387.0,0.002,Sell
1594259561.696,9384.0,0.026,Sell
1594259561.7026,9388.0,0.1,Buy
1594259561.7065,9384.0,0.001,Sell
1594259561.7065,9384.0,0.006,Sell
1594259561.7065,9384.0,0.071,Sell
1594259561.7065,9384.0,0.001,Sell
1594259566.3886,9384.5,0.297,Buy
1594259567.352,9384.5,0.023,Buy
1594259587.8401,9384.5,0.001,Buy
1594259589.0598,9385.0,0.002,Buy
1594259591.4116,9385.5,0.028,Sell
1594259593.4172,9385.5,0.014,Sell
1594259596.1859,9385.5,0.016,Sell
1594259596.2065,9386.0,2.234,Buy
1594259596.2065,9386.5,0.001,Buy
1594259596.2065,9387.0,0.002,Buy
1594259596.2065,9387.0,0.005,Buy
1594259596.2065,9388.0,0.002,Buy
1594259596.2065,9388.0,0.884,Buy
1594259596.2065,9386.0,0.002,Buy
1594259601.5882,9387.5,1.81,Sell
1594259607.3694,9388.0,0.025,Buy
1594259626.3783,9388.0,0.027,Buy
1594259638.3169,9387.5,0.001,Sell
1594259638.3169,9387.5,0.001,Sell
1594259638.3169,9387.5,2.234,Sell
1594259638.7027,9387.0,0.001,Sell
1594259638.7027,9387.0,0.002,Sell
1594259638.7027,9387.0,0.001,Sell
1594259638.7027,9387.0,0.053,Sell
1594259639.1842,9386.0,0.001,Sell
1594259639.1842,9386.0,0.002,Sell
1594259641.1844,9385.5,0.005,Sell
1594259641.1844,9385.5,0.001,Sell
1594259641.1844,9385.5,0.053,Sell
1594259641.647,9385.0,0.001,Sell
1594259642.2792,9383.5,0.005,Sell
1594259642.2792,9383.5,0.48,Sell
1594259642.2792,9383.5,0.004,Sell
1594259642.2792,9383.5,0.006,Sell
1594259642.2792,9384.0,0.002,Sell
1594259642.2792,9384.0,0.021,Sell
1594259642.2792,9384.0,0.002,Sell
1594259642.2792,9385.0,0.001,Sell
1594259642.2792,9385.0,0.001,Sell
1594259642.2792,9384.0,0.001,Sell
1594259642.4366,9384.0,0.001,Buy
1594259647.2278,9384.0,0.009,Buy
1594259647.678,9386.5,0.001,Buy
1594259650.4681,9387.0,0.001,Sell
1594259668.7248,9387.0,0.23,Sell
1594259703.3081,9387.5,0.001,Buy
1594259711.349,9387.0,0.001,Sell
1594259739.764,9387.0,0.2,Sell
1594259741.971,9386.5,0.001,Sell
1594259741.971,9386.5,0.005,Sell
1594259741.971,9386.5,0.004,Sell
1594259748.2403,9386.5,3.501,Sell
1594259762.4133,9386.0,0.001,Sell
1594259771.4515,9386.5,0.001,Buy
1594259821.523,9386.5,0.001,Buy
1594259822.3134,9386.0,0.001,Sell
1594259830.3466,9386.0,0.001,Buy
1594259831.5613,9385.5,0.001,Sell
1594259839.4756,9386.0,0.392,Buy
1594259848.1067,9385.5,0.084,Sell
1594259856.0824,9386.0,0.031,Buy
1594259882.3284,9385.5,0.001,Sell
1594259894.3662,9386.0,0.001,Buy
1594259895.7103,9385.5,0.5,Sell
1594259926.1156,9385.5,0.349,Sell
1594259936.8226,9385.5,1.753,Sell
1594259944.3052,9386.0,0.5,Buy
1594259967.7842,9385.5,0.1,Sell
1594259967.8843,9385.5,0.1,Sell
1594259967.9841,9385.5,0.1,Sell
1594259968.0842,9385.5,0.1,Sell
1594259969.2675,9383.5,0.086,Sell
1594259969.2675,9384.0,0.002,Sell
1594259969.2675,9385.0,0.005,Sell
1594259969.2675,9385.0,0.002,Sell
1594259969.2675,9385.0,0.001,Sell
1594259969.2675,9385.5,0.135,Sell
1594259969.2675,9385.0,0.009,Sell
1594259994.7136,9383.0,0.242,Sell
1594259994.7136,9383.0,0.058,Sell
1594260002.3302,9383.5,0.001,Buy
1594260009.3783,9383.0,0.001,Sell
1594260012.8873,9383.5,0.02,Buy
1594260017.04,9383.0,0.1,Sell
1594260017.04,9383.0,0.007,Sell
1594260017.04,9383.0,0.005,Sell
1594260017.04,9382.0,0.08,Sell
1594260017.04,9382.0,0.004,Sell
1594260017.04,9382.0,0.001,Sell
1594260017.04,9382.0,0.002,Sell
1594260017.04,9383.0,0.001,Sell
1594260017.04,9383.0,0.015,Sell
1594260017.04,9383.0,0.001,Sell
1594260017.04,9383.0,0.002,Sell
1594260017.04,9381.0,0.002,Sell
1594260017.04,9383.0,0.001,Sell
1594260017.04,9381.0,0.05,Sell
1594260017.04,9381.0,0.204,Sell
1594260017.04,9381.5,0.001,Sell
1594260017.04,9383.0,0.024,Sell
1594260017.0461,9381.0,0.13,Sell
1594260017.0462,9382.0,0.1,Sell
1594260017.0462,9381.0,0.1,Sell
1594260020.5535,9381.0,0.007,Buy
1594260036.8639,9381.0,0.027,Buy
1594260037.097,9380.0,0.15,Sell
1594260037.097,9380.0,0.001,Sell
1594260037.097,9380.0,0.001,Sell
1594260037.097,9380.0,0.3,Sell
1594260037.097,9380.0,0.075,Sell
1594260037.097,9380.0,0.002,Sell
1594260037.097,9380.0,0.008,Sell
1594260037.097,9380.0,0.144,Sell
1594260037.097,9380.0,0.002,Sell
1594260037.097,9380.0,0.01,Sell
1594260037.097,9380.5,0.001,Sell
1594260037.097,9380.5,0.001,Sell
1594260037.097,9380.5,0.053,Sell
1594260037.097,9380.5,0.25,Sell
1594260037.097,9380.5,0.205,Sell
1594260037.097,9380.5,0.205,Sell
1594260037.097,9380.0,0.5,Sell
1594260037.097,9380.5,0.002,Sell
1594260037.097,9380.0,0.059,Sell
1594260037.097,9380.0,0.265,Sell
1594260037.1034,9380.0,0.2,Sell
1594260037.1034,9380.0,0.5,Sell
1594260037.1034,9380.0,1.0,Sell
1594260037.1104,9380.0,0.049,Sell
1594260037.1104,9380.0,0.241,Sell
1594260037.1104,9380.0,0.2,Sell
1594260037.1123,9380.0,0.132,Sell
1594260037.2451,9380.0,0.019,Sell
1594260037.2451,9380.0,0.05,Sell
1594260037.2451,9380.0,0.002,Sell
1594260037.2633,9379.0,0.002,Sell
1594260037.2633,9379.0,0.005,Sell
1594260037.2633,9379.0,0.002,Sell
1594260037.2633,9379.0,0.003,Sell
1594260037.2633,9379.0,0.011,Sell
1594260037.2633,9379.0,0.001,Sell
1594260037.2633,9379.0,0.001,Sell
1594260037.2633,9379.0,0.012,Sell
1594260037.2691,9378.0,0.001,Sell
1594260037.2691,9377.0,0.008,Sell
1594260037.2691,9377.0,0.009,Sell
1594260037.2691,9377.0,0.006,Sell
1594260037.2691,9377.0,0.071,Sell
1594260037.2691,9377.0,0.006,Sell
1594260037.2691,9377.0,0.001,Sell
1594260037.2691,9378.0,0.002,Sell
1594260037.2691,9378.0,0.083,Sell
1594260037.2691,9377.0,0.002,Sell
1594260037.2691,9378.0,0.1,Sell
1594260037.2691,9378.0,0.002,Sell
1594260037.2691,9378.0,0.001,Sell
1594260037.2691,9378.0,0.001,Sell
1594260037.2691,9376.5,0.003,Sell
1594260037.2691,9377.0,0.002,Sell
1594260037.2691,9376.5,0.2,Sell
1594260037.2691,9376.5,0.104,Sell
1594260037.2691,9377.0,0.002,Sell
1594260037.2741,9376.5,0.693,Sell
1594260037.2741,9376.5,0.007,Sell
1594260037.276,9376.5,4.0,Sell
1594260037.2815,9376.5,0.5,Sell
1594260037.2815,9376.5,2.207,Sell
1594260037.2815,9376.5,0.793,Sell
1594260037.4957,9376.5,3.0,Sell
1594260037.566,9376.5,0.001,Sell
1594260037.566,9376.5,0.001,Sell
1594260037.6016,9376.5,0.001,Sell
1594260037.6655,9376.0,0.034,Sell
1594260037.6655,9376.0,0.03,Sell
1594260037.6655,9375.5,0.029,Sell
1594260037.6655,9375.5,0.006,Sell
1594260037.6655,9376.0,0.002,Sell
1594260037.6655,9376.0,0.01,Sell
1594260037.6714,9375.0,0.151,Sell
1594260037.6714,9375.0,0.01,Sell
1594260037.6714,9375.0,0.01,Sell
1594260037.6714,9375.5,0.003,Sell
1594260037.6715,9375.0,0.322,Sell
1594260037.6715,9375.0,0.1,Sell
1594260037.6715,9375.0,0.001,Sell
1594260037.6715,9375.0,0.001,Sell
1594260037.6715,9375.0,0.1,Sell
1594260037.6715,9375.0,0.001,Sell
1594260037.6715,9375.0,0.1,Sell
1594260037.6715,9375.0,0.005,Sell
1594260037.6715,9374.5,0.25,Sell
1594260037.6715,9374.5,0.1,Sell
1594260037.6715,9375.0,0.02,Sell
1594260037.6717,9374.5,0.057,Sell
1594260037.6717,9374.5,0.1,Sell
1594260037.6717,9374.5,0.8,Sell
1594260037.6721,9374.0,6.945,Sell
1594260037.6721,9374.5,2.93,Sell
1594260037.6721,9374.5,3.71,Sell
1594260037.6721,9374.5,2.37,Sell
1594260037.6721,9374.5,4.043,Sell
1594260037.6721,9374.0,0.002,Sell
1594260037.678,9374.0,0.025,Sell
1594260037.678,9374.0,0.231,Sell
1594260037.6786,9374.0,0.225,Sell
1594260037.6786,9374.0,0.299,Sell
1594260037.6786,9374.0,0.381,Sell
1594260037.6786,9374.0,0.219,Sell
1594260037.6855,9373.0,3.922,Sell
1594260037.6855,9373.0,0.68,Sell
1594260037.6855,9373.0,0.083,Sell
1594260037.6855,9373.5,0.95,Sell
1594260037.6855,9373.5,3.0,Sell
1594260037.6855,9373.5,0.67,Sell
1594260037.6855,9374.0,4.415,Sell
1594260037.6855,9373.0,1.69,Sell
1594260037.6977,9372.5,0.242,Sell
1594260037.6977,9372.0,1.0,Sell
1594260037.6977,9372.0,0.759,Sell
1594260039.1365,9371.5,0.031,Sell
1594260040.3856,9371.5,1.141,Sell
1594260041.3548,9371.5,0.05,Sell
1594260041.3548,9371.5,0.001,Sell
1594260041.3548,9371.5,0.001,Sell
1594260041.3548,9371.5,0.001,Sell
1594260041.3548,9371.5,0.828,Sell
1594260041.3548,9371.5,0.053,Sell
1594260041.3548,9371.5,0.001,Sell
1594260041.3548,9371.5,0.002,Sell
1594260041.3548,9371.5,0.3,Sell
1594260041.3548,9371.5,0.001,Sell
1594260041.3548,9371.5,0.009,Sell
1594260042.3431,9371.5,1.6,Buy
1594260052.7047,9371.5,0.015,Buy
1594260052.7047,9371.5,0.001,Buy
1594260052.7047,9371.5,0.005,Buy
1594260052.7047,9371.5,0.002,Buy
1594260052.7047,9371.5,0.001,Buy
1594260058.3321,9371.5,0.1,Sell
1594260061.5207,9371.5,0.001,Sell
1594260062.8044,9371.5,0.001,Sell
1594260062.997,9372.0,0.053,Buy
1594260062.997,9372.0,0.001,Buy
1594260062.997,9372.0,0.053,Buy
1594260062.997,9372.0,0.001,Buy
1594260062.997,9372.0,0.002,Buy
1594260063.0153,9373.0,0.002,Buy
1594260063.0153,9374.0,0.002,Buy
1594260063.0153,9374.5,0.076,Buy
1594260063.0985,9374.0,0.01,Sell
1594260063.0985,9374.0,0.973,Sell
1594260068.7274,9374.5,0.001,Buy
1594260068.7274,9374.5,0.771,Buy
1594260069.5527,9374.5,0.001,Buy
1594260071.8358,9374.5,0.001,Buy
1594260077.4767,9374.5,0.008,Buy
1594260077.4767,9374.5,0.001,Buy
1594260077.4767,9374.5,0.001,Buy
1594260077.4767,9374.5,0.001,Buy
1594260089.8687,9374.5,0.584,Sell
1594260099.6692,9374.5,1.052,Sell
1594260104.8461,9375.0,0.027,Buy
1594260108.0976,9375.0,0.273,Buy
1594260108.0976,9375.0,0.001,Buy
1594260108.0976,9375.0,0.726,Buy
1594260122.3159,9374.5,0.001,Sell
1594260123.1465,9375.0,0.274,Buy
1594260123.3325,9377.0,0.032,Buy
1594260123.3325,9376.0,0.005,Buy
1594260123.3325,9376.0,0.002,Buy
1594260123.3325,9376.5,0.001,Buy
1594260123.3325,9376.5,0.001,Buy
1594260123.3325,9376.5,0.002,Buy
1594260123.3325,9377.0,0.002,Buy
1594260123.3325,9378.0,0.032,Buy
1594260123.4159,9377.5,0.067,Sell
1594260123.4159,9377.5,0.01,Sell
1594260134.3486,9378.0,0.001,Buy
1594260144.7845,9377.5,0.1,Sell
1594260147.7914,9378.0,0.02,Buy
1594260159.214,9378.0,0.097,Buy
1594260159.214,9378.0,0.083,Buy
1594260159.214,9378.0,0.01,Buy
1594260159.214,9378.0,0.001,Buy
1594260159.214,9378.0,0.031,Buy
1594260163.3396,9378.5,0.001,Buy
1594260168.8063,9379.0,0.002,Buy
1594260171.003,9379.5,0.904,Sell
1594260172.0092,9379.5,0.403,Sell
1594260176.2284,9380.0,0.3,Buy
1594260176.2284,9380.0,0.002,Buy
1594260176.2284,9380.0,0.001,Buy
1594260177.6319,9380.0,0.859,Sell
1594260178.2378,9380.5,0.01,Buy
1594260178.2378,9380.5,0.001,Buy
1594260178.383,9381.0,0.002,Buy
1594260178.532,9381.0,0.25,Sell
1594260179.211,9381.5,0.004,Buy
1594260179.2749,9382.0,0.002,Buy
1594260179.3192,9382.5,0.001,Buy
1594260179.3192,9382.5,0.001,Buy
1594260179.3192,9382.5,0.002,Buy
1594260179.3477,9383.0,0.083,Buy
1594260179.3477,9383.0,0.002,Buy
1594260179.3477,9383.0,0.242,Buy
1594260179.3477,9383.0,0.005,Buy
1594260179.3941,9383.5,0.111,Buy
1594260179.401,9383.5,4.0,Buy
1594260179.4843,9383.5,0.1,Buy
1594260179.5841,9383.5,0.1,Buy
1594260179.6572,9383.5,4.0,Buy
1594260179.6841,9383.5,0.1,Buy
1594260179.7842,9383.5,0.1,Buy
1594260179.8841,9383.5,0.1,Buy
1594260179.9841,9383.5,0.1,Buy
1594260180.0168,9383.5,0.078,Buy
1594260180.0843,9383.5,0.1,Buy
1594260180.1849,9383.5,0.1,Buy
1594260180.2163,9383.5,2.551,Buy
1594260180.2163,9383.5,0.006,Buy
1594260180.2163,9383.5,0.005,Buy
1594260180.2841,9384.0,0.009,Buy
1594260180.2841,9384.0,0.001,Buy
1594260180.2841,9384.0,0.006,Buy
1594260180.3842,9384.5,0.001,Buy
1594260180.4843,9385.0,0.001,Buy
1594260180.4843,9385.0,0.002,Buy
1594260180.5842,9386.0,0.002,Buy
1594260180.5842,9386.0,0.098,Buy
1594260180.6842,9386.0,0.1,Buy
1594260180.784,9386.5,0.001,Buy
1594260180.8842,9387.5,0.032,Buy
1594260180.8842,9387.5,0.068,Buy
1594260180.9842,9387.5,0.1,Buy
1594260181.0842,9387.5,0.1,Buy
1594260181.1845,9387.5,0.1,Buy
1594260181.2685,9387.5,0.001,Buy
1594260181.2842,9387.5,0.1,Buy
1594260181.3727,9387.0,1.0,Sell
1594260181.3842,9387.5,0.1,Buy
1594260181.4842,9387.5,0.1,Buy
1594260181.5841,9387.5,0.1,Buy
1594260181.6841,9387.5,0.1,Buy
1594260181.7842,9387.5,0.1,Buy
1594260181.8859,9387.5,0.1,Buy
1594260181.9843,9387.5,0.1,Buy
1594260182.0848,9387.5,0.1,Buy
1594260182.7345,9387.5,0.02,Buy
1594260191.2992,9387.0,0.001,Sell
1594260219.0513,9387.5,0.024,Sell
1594260219.6501,9387.5,0.018,Sell
1594260220.0571,9387.5,0.55,Sell
1594260221.061,9387.5,0.646,Sell
1594260226.1859,9387.5,0.022,Sell
1594260230.6867,9388.0,1.64,Buy
1594260230.6867,9388.0,0.034,Buy
1594260230.6867,9388.0,0.001,Buy
1594260230.6867,9388.0,0.001,Buy
1594260230.6867,9388.0,3.0,Buy
1594260230.6867,9388.5,5.59,Buy
1594260230.6867,9388.0,0.001,Buy
1594260230.6867,9388.0,0.001,Buy
1594260230.6867,9388.5,0.001,Buy
1594260230.6867,9388.5,3.0,Buy
1594260230.6867,9388.5,4.15,Buy
1594260230.6867,9389.0,0.083,Buy
1594260230.6867,9389.0,0.001,Buy
1594260230.6867,9389.0,2.497,Buy
1594260237.5004,9388.5,0.008,Sell
1594260237.5004,9388.5,0.001,Sell
1594260237.6172,9388.0,0.001,Sell
1594260237.7208,9387.5,0.001,Sell
1594260237.8527,9387.0,0.002,Sell
1594260237.8527,9387.0,0.5,Sell
1594260238.1705,9386.0,0.002,Sell
1594260238.1705,9386.0,0.001,Sell
1594260238.9305,9385.5,0.023,Buy
1594260239.4491,9385.0,0.002,Sell
1594260239.4491,9385.0,0.009,Sell
1594260240.2414,9384.0,0.001,Sell
1594260240.2414,9384.0,0.002,Sell
1594260240.2414,9384.0,0.009,Sell
1594260242.0145,9383.5,0.001,Sell
1594260242.8793,9383.5,0.001,Sell
1594260247.0526,9384.0,0.001,Buy
1594260248.9152,9384.0,0.001,Buy
1594260259.3344,9384.0,0.004,Buy
1594260288.9074,9384.0,0.182,Buy
1594260288.9074,9384.0,0.001,Buy
1594260288.9074,9384.0,0.002,Buy
1594260288.9074,9384.0,0.009,Buy
1594260288.9074,9384.0,0.001,Buy
1594260288.9074,9384.0,0.005,Buy
1594260291.9074,9384.0,0.001,Buy
1594260291.9074,9384.0,0.015,Buy
1594260291.9074,9384.0,0.001,Buy
1594260302.3053,9384.5,0.001,Buy
1594260303.4012,9385.0,0.001,Buy
1594260303.4012,9385.0,0.053,Buy
1594260303.4012,9385.0,0.001,Buy
1594260303.4012,9385.0,0.002,Buy
1594260306.1274,9386.0,0.001,Buy
1594260306.1274,9386.0,0.001,Buy
1594260306.1274,9386.0,0.002,Buy
1594260306.1274,9386.5,0.001,Buy
1594260306.1274,9387.0,0.002,Buy
1594260306.1274,9388.0,0.024,Buy
1594260312.5842,9388.0,0.005,Buy
1594260312.5842,9388.0,0.002,Buy
1594260313.4842,9388.5,0.029,Buy
1594260313.4842,9388.5,0.001,Buy
1594260313.4842,9388.5,0.001,Buy
1594260313.4842,9388.5,0.001,Buy
1594260314.1589,9388.5,0.356,Sell
1594260316.1665,9388.5,0.024,Sell
1594260316.1859,9388.5,0.01,Sell
1594260316.4844,9389.0,0.002,Buy
1594260316.6935,9389.0,0.142,Sell
1594260318.8832,9389.5,0.005,Buy
1594260327.1743,9389.0,0.024,Sell
1594260329.18,9389.0,0.017,Sell
1594260330.8909,9389.5,0.012,Buy
1594260330.8909,9389.5,0.001,Buy
1594260348.9758,9390.0,0.002,Buy
1594260348.9758,9390.0,0.002,Buy
1594260348.9758,9390.0,0.096,Buy
1594260351.3472,9390.0,0.102,Buy
1594260356.9193,9389.5,0.073,Sell
1594260421.4479,9390.0,0.001,Buy
1594260423.093,9390.0,0.001,Buy
1594260425.9934,9390.0,0.1,Buy
1594260425.9934,9390.0,1.4,Buy
1594260429.0746,9390.0,0.281,Buy
1594260429.4809,9389.5,0.001,Sell
1594260431.1287,9389.5,0.001,Sell
1594260447.0208,9391.0,0.001,Buy
1594260447.0208,9390.0,0.319,Buy
1594260447.0208,9390.0,0.1,Buy
1594260447.0208,9390.0,0.002,Buy
1594260447.0208,9390.5,0.001,Buy
1594260447.0208,9390.5,0.001,Buy
1594260447.0208,9391.0,0.001,Buy
1594260447.0208,9391.0,0.009,Buy
1594260447.0208,9391.0,0.001,Buy
1594260447.0208,9391.0,0.002,Buy
1594260447.0208,9391.5,0.006,Buy
1594260447.0208,9392.0,0.001,Buy
1594260447.0208,9392.0,0.32,Buy
1594260447.0208,9391.0,0.006,Buy
1594260452.7843,9392.0,0.002,Buy
1594260452.7843,9392.0,0.015,Buy
1594260453.4347,9392.5,0.001,Buy
1594260453.4347,9392.5,0.001,Buy
1594260453.4347,9392.5,0.001,Buy
1594260453.4347,9392.5,0.002,Buy
1594260453.4347,9392.5,0.001,Buy
1594260453.4347,9392.5,0.001,Buy
1594260453.4347,9392.5,0.001,Buy
1594260480.9932,9393.0,0.002,Buy
1594260480.9932,9393.0,0.053,Buy
1594260480.9932,9393.0,0.145,Buy
1594260495.1927,9393.0,0.5,Buy
1594260502.5468,9393.0,0.02,Buy
1594260520.0153,9393.0,0.486,Buy
1594260520.0153,9393.0,0.514,Buy
1594260530.6882,9393.0,1.0,Buy
1594260542.6364,9393.5,0.001,Sell
1594260550.6693,9394.0,0.001,Buy
1594260558.9646,9396.0,0.002,Buy
1594260558.9646,9396.0,0.005,Buy
1594260558.9646,9396.0,0.001,Buy
1594260558.9646,9396.0,0.092,Buy
1594260558.9646,9395.0,0.002,Buy
1594260558.9646,9396.0,0.039,Buy
1594260558.9646,9395.0,0.032,Buy
1594260558.9646,9396.0,0.011,Buy
1594260558.9646,9394.5,0.001,Buy
1594260558.9646,9395.0,0.003,Buy
1594260558.9646,9394.0,0.082,Buy
1594260558.9646,9394.0,0.002,Buy
1594260558.9646,9394.0,0.242,Buy
1594260558.9646,9394.5,0.001,Buy
1594260558.9646,9394.0,0.002,Buy
1594260558.9646,9394.0,0.009,Buy
1594260558.9646,9394.5,0.001,Buy
1594260558.9646,9394.0,0.001,Buy
1594260585.7129,9396.0,0.005,Buy
1594260601.8985,9396.0,0.001,Buy
1594260602.729,9395.5,0.001,Sell
1594260608.9313,9395.5,0.001,Sell
1594260614.7623,9396.0,0.001,Buy
1594260652.511,9396.0,0.932,Buy
1594260656.8434,9396.0,0.013,Buy
1594260665.5188,9396.0,0.011,Buy
1594260667.8366,9396.0,0.002,Buy
1594260721.3534,9395.5,0.001,Sell
1594260721.6848,9396.0,0.001,Buy
1594260722.3713,9395.5,0.001,Sell
1594260726.3872,9396.0,0.001,Buy
1594260731.4036,9396.0,0.001,Buy
1594260731.7302,9395.5,0.001,Sell
1594260808.7349,9395.5,0.005,Sell
1594260841.3404,9395.5,0.001,Sell
1594260841.4926,9396.0,0.001,Buy
1594260847.3698,9396.0,0.001,Buy
1594260849.5286,9395.5,0.001,Sell
1594260856.1032,9395.5,0.001,Sell
1594260856.257,9395.0,0.002,Sell
1594260857.5471,9394.0,0.001,Sell
1594260857.5471,9394.0,0.002,Sell
1594260858.156,9393.0,0.002,Sell
1594260858.156,9393.0,0.009,Sell
1594260858.2978,9392.5,0.005,Sell
1594260875.938,9392.5,0.009,Buy
1594260894.5097,9392.0,0.001,Sell
1594260894.5097,9392.0,0.009,Sell
1594260895.9468,9392.5,0.017,Buy
1594260901.5065,9392.5,0.001,Buy
1594260909.5399,9392.0,0.001,Sell
1594260916.9555,9392.5,0.021,Buy
1594260922.628,9392.0,0.021,Sell
1594260922.628,9392.0,0.001,Sell
1594260922.628,9391.0,0.002,Sell
1594260922.628,9390.5,0.032,Sell
1594260922.628,9390.0,0.001,Sell
1594260922.628,9390.0,0.761,Sell
1594260961.9463,9390.5,0.001,Buy
1594260966.0889,9390.5,0.001,Buy
1594260966.0889,9390.5,0.001,Buy
1594260968.1925,9391.0,0.002,Buy
1594260968.1925,9392.0,0.002,Buy
1594260968.1925,9392.5,0.001,Buy
1594260968.1925,9392.5,0.005,Buy
1594260968.1925,9393.0,0.035,Buy
1594260968.1925,9393.0,0.002,Buy
1594260968.1925,9394.0,0.002,Buy
1594260968.1925,9394.5,0.001,Buy
1594260968.1925,9394.5,0.75,Buy
1594260969.9826,9394.0,0.001,Sell
1594261001.4202,9394.5,0.1,Buy
1594261021.3311,9394.0,0.001,Sell
1594261029.3663,9394.5,0.001,Buy
1594261063.8844,9394.5,0.009,Buy
1594261063.8844,9394.5,0.002,Buy
1594261063.8844,9394.5,0.006,Buy
1594261063.8844,9394.5,0.001,Buy
1594261063.8844,9394.5,0.002,Buy
1594261071.2065,9396.5,0.001,Buy
1594261071.2065,9396.0,0.05,Buy
1594261071.2065,9396.5,0.001,Buy
1594261071.2065,9396.0,0.002,Buy
1594261071.2065,9396.0,0.106,Buy
1594261071.2065,9395.0,0.002,Buy
1594261071.2065,9395.0,0.002,Buy
1594261071.2065,9395.0,0.001,Buy
1594261071.2065,9396.5,0.103,Buy
1594261071.2065,9395.5,0.032,Buy
1594261081.3141,9396.5,0.001,Sell
1594261093.3459,9397.0,0.001,Buy
1594261146.8743,9397.0,0.3,Buy
1594261149.8433,9397.0,0.105,Buy
1594261159.2736,9396.5,0.06,Sell
1594261160.1659,9397.0,0.095,Buy
1594261160.1659,9397.0,0.001,Buy
1594261160.1659,9397.0,0.001,Buy
1594261160.1659,9397.0,0.007,Buy
1594261160.1659,9397.0,0.001,Buy
1594261160.1659,9397.5,0.004,Buy
1594261160.1659,9397.5,0.005,Buy
1594261160.1659,9398.0,0.009,Buy
1594261160.1659,9398.0,0.001,Buy
1594261160.1659,9398.0,0.006,Buy
1594261160.1659,9398.0,0.006,Buy
1594261160.1659,9398.0,0.164,Buy
1594261160.3992,9399.0,0.002,Buy
1594261160.3992,9399.0,0.006,Buy
1594261160.3992,9399.0,0.083,Buy
1594261160.3992,9399.5,0.07,Buy
1594261160.3992,9398.0,0.002,Buy
1594261160.3992,9398.0,0.136,Buy
1594261160.3992,9398.5,0.001,Buy
1594261167.7182,9400.0,0.002,Buy
1594261167.7182,9400.0,0.159,Buy
1594261202.9389,9400.0,0.001,Buy
1594261203.2171,9399.5,0.001,Sell
1594261208.2637,9400.0,0.001,Buy
1594261209.2292,9400.0,0.131,Buy
1594261209.9791,9399.5,0.001,Sell
1594261250.4436,9399.5,0.024,Sell
1594261261.7331,9400.0,0.001,Buy
1594261270.2031,9399.5,0.032,Sell
1594261271.772,9399.5,0.001,Sell
1594261279.689,9399.5,0.027,Sell
1594261284.1089,9400.0,0.001,Buy
1594261284.1089,9400.0,0.001,Buy
1594261284.1089,9400.0,0.001,Buy
1594261284.1089,9400.0,0.3,Buy
1594261284.1089,9400.0,0.49,Buy
1594261284.1089,9400.0,0.007,Buy
1594261284.1089,9400.0,0.2,Buy
1594261310.3693,9399.5,0.064,Sell
1594261310.3693,9399.5,0.01,Sell
1594261310.3693,9399.5,0.001,Sell
1594261310.3693,9399.5,0.001,Sell
1594261310.3693,9399.5,0.022,Sell
1594261321.4432,9400.0,0.001,Buy
1594261322.0937,9400.0,0.123,Buy
1594261322.0937,9400.0,0.009,Buy
1594261329.4759,9399.5,0.001,Sell
1594261357.8428,9400.0,0.111,Buy
1594261365.9103,9400.0,0.536,Buy
1594261381.4585,9400.0,0.001,Buy
1594261382.8899,9399.5,0.001,Sell
1594261389.4908,9399.5,0.001,Sell
1594261391.9523,9400.0,0.001,Buy
1594261424.5889,9400.0,0.134,Buy
1594261441.2738,9399.5,0.05,Sell
1594261441.8344,9399.5,0.001,Sell
1594261447.8673,9400.0,0.001,Buy
1594261451.7795,9400.0,0.005,Buy
1594261495.221,9400.0,0.132,Buy
1594261495.8103,9400.0,0.362,Buy
1594261495.8103,9400.0,0.001,Buy
1594261495.8103,9400.0,0.1,Buy
1594261495.8103,9400.0,0.025,Buy
1594261495.8103,9400.0,0.548,Buy
1594261495.8103,9400.5,0.001,Buy
1594261495.8103,9400.5,1.938,Buy
1594261495.8103,9400.0,0.025,Buy
1594261501.216,9400.5,0.008,Buy
1594261501.7588,9400.0,0.001,Sell
1594261502.3832,9400.5,0.001,Buy
1594261509.7904,9400.5,0.001,Buy
1594261510.4179,9400.0,0.001,Sell
1594261562.7658,9400.0,0.001,Sell
1594261574.8026,9400.5,0.001,Buy
1594261618.2262,9400.0,0.001,Sell
1594261618.2262,9400.0,0.001,Sell
1594261618.2262,9400.0,0.002,Sell
1594261619.3539,9399.5,0.001,Sell
1594261625.3416,9399.5,1.242,Buy
1594261643.9733,9399.0,2.0,Sell
1594261643.9733,9399.0,1.0,Sell
1594261659.5654,9399.0,0.035,Sell
1594261665.2865,9398.5,0.371,Buy
1594261676.0289,9398.0,0.002,Sell
1594261676.0289,9398.0,0.001,Sell
1594261676.0289,9398.0,0.001,Sell
1594261676.0289,9398.0,0.005,Sell
1594261681.2762,9397.0,0.001,Sell
1594261685.2952,9396.5,0.017,Buy
1594261686.3092,9396.5,0.001,Buy
1594261699.8529,9396.5,0.009,Buy
1594261705.3039,9396.5,0.018,Buy
1594261724.3132,9396.5,0.012,Buy
1594261729.6017,9396.5,0.216,Buy
1594261733.3561,9396.0,0.001,Sell
1594261733.3561,9396.0,0.039,Sell
1594261734.2204,9396.5,1.5,Buy
1594261740.5599,9396.5,0.04,Buy
1594261752.9449,9395.5,0.04,Sell
1594261803.0239,9396.0,0.001,Buy
1594261803.3181,9396.0,0.001,Buy
1594261803.3296,9396.0,0.001,Buy
1594261805.425,9395.5,0.036,Sell
1594261805.8623,9396.0,0.001,Buy
1594261808.402,9395.5,0.22,Sell
1594261810.0749,9395.5,0.001,Sell
1594261811.3502,9395.5,0.001,Sell
1594261813.3666,9395.5,0.001,Sell
1594261861.4306,9396.0,0.001,Buy
1594261869.4632,9395.5,0.001,Sell
1594261886.3136,9396.0,0.1,Buy
1594261893.1627,9395.5,0.141,Sell
1594261896.5639,9395.5,0.05,Sell
1594261908.4843,9395.5,0.1,Sell
1594261908.5847,9395.5,0.24,Sell
1594261908.6841,9395.5,0.24,Sell
1594261908.7346,9395.5,3.0,Sell
1594261908.8582,9395.5,4.0,Sell
1594261963.4175,9395.5,1.929,Sell
1594261972.6516,9395.0,3.0,Sell
1594261976.786,9395.0,0.001,Sell
1594261976.786,9395.0,0.002,Sell
1594261976.786,9395.0,0.001,Sell
1594261976.8441,9394.0,0.001,Sell
1594261976.8441,9394.0,0.001,Sell
1594261976.8441,9394.0,0.002,Sell
1594261976.8441,9394.0,0.083,Sell
1594261976.8724,9393.5,0.005,Sell
1594261976.8724,9393.0,0.002,Sell
1594261976.8724,9392.5,0.293,Sell
1594261976.8736,9392.5,0.123,Sell
1594261976.9574,9392.5,2.235,Sell
1594261976.9727,9392.5,2.4,Sell
1594261977.1563,9392.5,3.0,Sell
1594261977.2683,9392.5,0.3,Sell
1594261981.3943,9392.5,0.001,Sell
1594261989.4329,9393.0,0.001,Buy
1594261991.5501,9392.5,0.01,Sell
1594262003.1314,9393.0,0.211,Buy
1594262003.1314,9393.0,0.009,Buy
1594262007.436,9393.0,0.002,Buy
1594262015.4648,9392.5,0.009,Sell
1594262028.4448,9393.0,0.119,Buy
1594262030.9007,9393.0,0.014,Buy
1594262041.4454,9392.5,0.001,Sell
1594262041.8199,9392.5,0.001,Sell
1594262043.0546,9392.5,0.001,Sell
1594262043.1262,9393.0,0.001,Buy
1594262047.8579,9393.0,0.001,Buy
1594262048.4535,9393.0,0.849,Buy
1594262051.1591,9392.5,0.001,Sell
1594262052.0851,9393.0,0.001,Buy
1594262053.4802,9393.0,0.001,Buy
1594262067.4628,9393.0,0.288,Buy
1594262067.9405,9393.0,0.229,Buy
1594262080.3896,9393.0,0.002,Buy
1594262080.961,9393.0,0.001,Buy
1594262086.4715,9393.0,0.014,Buy
1594262106.4802,9393.0,0.016,Buy
1594262127.4889,9393.0,0.684,Buy
1594262132.0059,9393.0,0.001,Buy
1594262138.0842,9392.5,0.1,Sell
1594262138.1842,9392.5,0.1,Sell
1594262138.2841,9392.5,0.1,Sell
1594262138.3695,9392.5,0.059,Sell
1594262138.3842,9392.5,0.1,Sell
1594262138.4842,9392.5,0.1,Sell
1594262138.5842,9392.5,0.1,Sell
1594262138.6842,9392.5,0.1,Sell
1594262138.7842,9392.5,0.1,Sell
1594262138.8843,9392.5,0.1,Sell
1594262138.9842,9392.5,0.1,Sell
1594262139.0843,9392.5,0.1,Sell
1594262139.1842,9392.5,0.1,Sell
1594262139.2842,9392.5,0.1,Sell
1594262139.3842,9392.5,0.1,Sell
1594262139.4842,9392.5,0.1,Sell
1594262139.5846,9392.5,0.009,Sell
1594262139.5846,9392.5,0.066,Sell
1594262139.5846,9392.5,0.009,Sell
1594262139.5846,9392.5,0.001,Sell
1594262139.5846,9392.5,0.01,Sell
1594262139.5846,9392.5,0.005,Sell
1594262139.6842,9392.0,0.099,Sell
1594262139.6842,9392.0,0.001,Sell
1594262139.7842,9392.0,0.1,Sell
1594262139.8842,9392.0,0.051,Sell
1594262139.8842,9392.0,0.001,Sell
1594262139.8842,9392.0,0.001,Sell
1594262139.8842,9392.0,0.002,Sell
1594262143.3769,9392.0,0.02,Buy
1594262148.4974,9392.0,0.163,Buy
1594262148.5842,9391.5,0.009,Sell
1594262148.5842,9391.5,0.006,Sell
1594262148.6845,9391.0,0.009,Sell
1594262148.6845,9391.0,0.006,Sell
1594262148.6845,9391.0,0.001,Sell
1594262148.6845,9391.0,0.002,Sell
1594262148.6845,9391.0,0.001,Sell
1594262148.7841,9390.5,0.002,Sell
1594262148.7841,9390.5,0.001,Sell
1594262148.7841,9390.5,0.005,Sell
1594262148.7841,9390.5,0.092,Sell
1594262148.8842,9390.5,0.1,Sell
1594262162.3944,9390.5,0.001,Sell
1594262164.0412,9391.0,0.006,Buy
1594262167.433,9391.0,0.001,Buy
1594262168.5059,9391.0,0.014,Buy
1594262175.0492,9391.0,0.026,Buy
1594262187.7755,9389.5,0.06,Sell
1594262187.7755,9390.0,0.002,Sell
1594262187.7755,9390.0,0.001,Sell
1594262187.7755,9390.0,0.001,Sell
1594262187.7755,9390.0,0.001,Sell
1594262187.7755,9390.5,0.001,Sell
1594262187.7755,9390.0,0.002,Sell
1594262187.7755,9390.5,0.001,Sell
1594262187.7755,9390.5,0.001,Sell
1594262187.7755,9390.5,0.015,Sell
1594262187.7755,9390.5,0.001,Sell
1594262187.7755,9390.5,0.106,Sell
1594262187.7755,9390.5,0.807,Sell
1594262187.7755,9390.5,0.001,Sell
1594262188.8033,9389.5,0.006,Sell
1594262189.8031,9389.5,0.006,Sell
1594262191.0335,9389.5,0.006,Sell
1594262192.2855,9389.5,0.006,Sell
1594262193.1757,9389.5,0.068,Sell
1594262193.1757,9389.5,0.5,Sell
1594262193.1757,9389.5,0.053,Sell
1594262193.1757,9389.5,0.002,Sell
1594262193.1757,9389.5,0.001,Sell
1594262193.1757,9389.5,0.001,Sell
1594262193.1757,9389.5,0.012,Sell
1594262193.1757,9389.5,0.015,Sell
1594262193.1757,9389.5,0.001,Sell
1594262193.5951,9389.0,0.083,Sell
1594262193.5951,9389.0,0.002,Sell
1594262194.0416,9388.5,0.005,Sell
1594262194.0416,9388.5,0.001,Sell
1594262194.5743,9388.5,0.001,Sell
1594262194.5743,9388.5,0.001,Sell
1594262194.5743,9388.0,0.001,Sell
1594262194.5743,9388.0,0.003,Sell
1594262195.7346,9388.0,0.006,Sell
1594262196.9516,9388.0,0.006,Sell
1594262198.9572,9388.0,0.006,Sell
