1585267205.7504,6735.0,0.1,Buy
1585267207.3557,6739.5,0.203,Sell
1585267210.6484,6740.0,0.005,Buy
1585267227.9688,6743.5,0.3,Sell
1585267237.3495,6744.5,0.132,Buy
1585267239.971,6745.5,0.1,Sell
1585267245.3512,6746.5,0.586,Buy
1585267253.354,6743.0,0.885,Buy
1585267261.3556,6741.5,0.241,Buy
1585267297.3496,6746.0,0.357,Sell
1585267300.3513,6746.0,0.036,Buy
1585267303.3541,6745.0,0.612,Sell
1585267306.3558,6746.0,0.135,Buy
1585267347.4489,6771.0,0.048,Buy
1585267347.4489,6767.0,0.001,Buy
1585267347.4489,6767.0,0.05,Buy
1585267347.4492,6766.0,0.05,Sell
1585267347.4492,6766.0,0.161,Sell
1585267347.4492,6766.0,0.135,Sell
1585267347.4493,6771.0,7.885,Buy
1585267347.4493,6771.5,0.115,Buy
1585267348.0143,6766.0,0.04,Sell
1585267349.3647,6773.0,0.213,Buy
1585267352.1488,6775.0,0.005,Buy
1585267352.3608,6784.5,0.213,Buy
1585267352.7135,6786.5,0.194,Buy
1585267353.4487,6787.0,0.466,Buy
1585267357.3497,6775.5,3.013,Buy
1585267368.7161,6775.5,0.174,Buy
1585267375.6486,6778.5,0.1,Buy
1585267384.3558,6784.5,3.104,Buy
1585267384.419,6783.5,0.08,Sell
1585267387.4486,6787.0,0.562,Buy
1585267390.1486,6787.0,0.1,Buy
1585267390.1486,6787.0,0.972,Buy
1585267391.4745,6790.0,0.3,Buy
1585267417.3496,6779.0,0.097,Buy
1585267424.2218,6770.5,0.003,Sell
1585267435.3513,6776.5,0.282,Sell
1585267440.6152,6777.0,0.5,Sell
1585267453.3541,6781.5,0.478,Sell
1585267457.4379,6783.5,1.0,Sell
1585267468.364,6782.0,0.001,Sell
1585267471.3558,6777.5,0.726,Buy
1585267487.9452,6782.5,0.1,Sell
1585267489.3629,6782.0,0.871,Sell
1585267503.3646,6785.5,0.454,Sell
1585267508.8859,6783.5,0.127,Sell
1585267513.2698,6785.5,0.001,Sell
1585267517.3674,6788.5,0.736,Buy
1585267531.3692,6787.0,0.999,Sell
1585267545.3773,6785.5,0.229,Sell
1585267554.2476,6778.5,0.127,Buy
1585267555.1415,6777.0,0.079,Sell
1585267563.695,6782.0,0.126,Sell
1585267566.3789,6781.0,0.021,Sell
1585267570.9029,6783.0,0.126,Buy
1585267579.9578,6783.0,0.124,Sell
1585267587.3816,6785.0,0.081,Sell
1585267608.3834,6795.5,0.692,Buy
1585267610.9427,6799.5,2.703,Buy
1585267610.9427,6796.0,0.03,Buy
1585267610.9427,6797.0,0.001,Buy
1585267617.1366,6797.0,0.124,Buy
1585267625.2563,6790.0,0.001,Sell
1585267629.386,6790.5,0.046,Sell
1585267629.5811,6790.5,0.1,Sell
1585267634.1086,6791.0,0.118,Sell
1585267645.8996,6799.0,0.274,Buy
1585267646.3877,6799.5,0.355,Sell
1585267647.8487,6800.0,0.019,Buy
1585267647.8487,6800.0,0.005,Buy
1585267647.9469,6806.0,0.003,Buy
1585267647.9469,6806.0,1.0,Buy
1585267657.4919,6798.5,0.007,Buy
1585267663.3905,6793.0,0.676,Buy
1585267667.9343,6787.5,0.001,Sell
1585267675.4599,6793.5,0.025,Sell
1585267680.3922,6795.5,0.604,Sell
1585267689.9223,6789.0,0.08,Sell
1585267697.3959,6789.5,0.597,Sell
1585267712.3976,6794.0,0.795,Buy
1585267719.79,6792.0,0.077,Sell
1585267742.403,6795.5,0.252,Sell
1585267742.403,6795.5,2.045,Sell
1585267746.5901,6794.5,1.055,Sell
1585267756.1486,6796.0,0.089,Buy
1585267758.3486,6800.0,0.005,Buy
1585267763.4076,6805.0,1.63,Buy
1585267774.95,6809.0,0.161,Buy
1585267775.4123,6812.0,0.913,Buy
1585267775.4175,6811.0,0.3,Sell
1585267781.4151,6811.0,0.743,Sell
1585267783.0206,6814.0,0.3,Buy
1585267790.6485,6820.0,0.001,Buy
1585267790.6534,6825.0,0.002,Buy
1585267790.6534,6825.0,0.005,Buy
1585267790.659,6819.0,0.001,Sell
1585267791.1786,6825.0,0.228,Buy
1585267792.4167,6829.0,0.38,Sell
1585267803.4196,6815.5,0.209,Sell
1585267803.7397,6815.0,0.001,Sell
1585267811.2022,6806.0,0.104,Sell
1585267814.4213,6807.0,0.069,Buy
1585267840.2486,6810.0,0.1,Buy
1585267845.4313,6810.0,0.862,Sell
1585267861.9427,6808.0,0.028,Sell
1585267868.433,6807.5,0.549,Buy
1585267884.9485,6807.0,0.08,Sell
1585267890.3749,6797.5,0.002,Sell
1585267890.3749,6800.0,0.001,Sell
1585267890.38,6797.5,0.089,Sell
1585267891.4361,6798.5,0.852,Buy
1585267902.4214,6796.0,0.028,Buy
1585267923.3281,6797.0,0.051,Sell
1585267930.456,6797.5,0.133,Buy
1585267936.1487,6797.0,0.019,Sell
1585267937.4419,6787.5,0.825,Sell
1585267957.4478,6783.0,0.291,Sell
1585267977.4494,6791.0,0.757,Sell
1585267985.6486,6787.0,0.06,Sell
1585267997.4528,6788.0,0.669,Sell
1585268037.4618,6786.5,0.372,Sell
1585268041.4635,6787.5,0.491,Buy
1585268045.4663,6789.0,3.207,Sell
1585268049.468,6789.5,0.76,Sell
1585268077.3496,6788.0,0.632,Sell
1585268098.3512,6792.0,0.688,Sell
1585268100.8939,6792.5,0.309,Sell
1585268119.354,6809.5,0.884,Sell
1585268122.0669,6813.0,0.032,Buy
1585268161.3655,6805.5,0.27,Buy
1585268165.3672,6808.0,0.917,Sell
1585268169.37,6807.0,0.898,Sell
1585268173.3717,6805.0,0.987,Sell
1585268197.3495,6806.0,0.705,Buy
1585268201.1546,6808.5,0.029,Sell
1585268214.2874,6806.5,0.154,Sell
1585268219.354,6809.0,0.644,Sell
1585268247.0828,6806.0,0.1,Buy
1585268257.2619,6801.5,0.116,Sell
1585268258.3513,6801.5,0.534,Sell
1585268259.3541,6800.0,0.51,Buy
1585268260.3558,6800.5,0.193,Sell
1585268272.1618,6799.5,0.018,Buy
1585268301.5578,6805.5,0.349,Sell
1585268302.8221,6806.5,0.12,Buy
1585268317.3495,6806.5,0.197,Sell
1585268317.7486,6807.0,0.013,Buy
1585268327.3512,6808.0,0.36,Sell
1585268347.3559,6810.5,0.093,Sell
1585268349.7487,6811.0,0.251,Buy
1585268349.8485,6811.0,0.123,Buy
1585268349.9486,6813.0,0.11,Buy
1585268352.1128,6824.5,0.396,Sell
1585268363.2488,6825.0,0.005,Buy
1585268364.4486,6830.0,0.038,Buy
1585268364.4486,6830.0,0.109,Buy
1585268364.4538,6829.0,0.1,Sell
1585268364.5486,6830.0,0.108,Buy
1585268364.6485,6830.0,0.054,Buy
1585268367.2729,6835.0,0.134,Buy
1585268370.3486,6837.0,0.653,Buy
1585268370.4486,6837.0,0.61,Buy
1585268370.5485,6837.0,0.478,Buy
1585268370.7486,6837.0,0.259,Buy
1585268373.2826,6838.0,0.029,Buy
1585268373.6852,6838.0,0.029,Buy
1585268377.3496,6829.5,0.036,Sell
1585268384.0795,6828.0,0.1,Buy
1585268399.3513,6823.5,0.249,Sell
1585268421.3543,6823.0,0.872,Sell
1585268438.4164,6820.0,0.033,Sell
1585268443.3561,6825.0,0.414,Buy
1585268465.3586,6823.5,0.663,Sell
1585268466.3603,6824.5,0.267,Sell
1585268467.363,6824.5,4.37,Sell
1585268468.3648,6826.5,0.176,Buy
1585268473.0918,6826.5,0.033,Buy
1585268480.0521,6820.0,0.031,Buy
1585268491.6482,6812.0,0.05,Sell
1585268497.3497,6816.0,0.521,Sell
1585268500.3513,6815.0,0.445,Buy
1585268503.354,6819.0,0.981,Sell
1585268506.3557,6821.0,3.246,Sell
1585268536.6069,6819.0,0.5,Buy
1585268557.3496,6823.5,1.891,Sell
1585268573.864,6820.0,0.031,Sell
1585268591.354,6823.5,0.91,Sell
1585268608.3556,6824.0,0.537,Sell
1585268625.3595,6821.0,0.848,Sell
1585268644.9486,6820.0,0.963,Sell
1585268645.0486,6820.0,0.006,Sell
1585268651.9025,6813.0,0.01,Sell
1585268652.3687,6813.0,0.141,Sell
1585268652.5887,6812.5,0.5,Sell
1585268663.3704,6812.5,0.647,Buy
1585268667.3141,6813.5,0.01,Sell
1585268673.4404,6811.0,0.9,Sell
1585268677.3497,6811.5,0.756,Buy
1585268678.911,6811.0,0.061,Sell
1585268689.3514,6813.5,2.456,Sell
1585268692.7386,6814.0,0.09,Sell
1585268707.4476,6824.5,0.1,Buy
1585268713.3558,6827.5,0.956,Buy
1585268728.9456,6829.5,0.001,Sell
1585268737.3495,6825.5,0.823,Sell
1585268738.3512,6825.5,0.413,Sell
1585268739.354,6825.0,0.112,Sell
1585268740.3556,6826.0,0.094,Buy
1585268797.3496,6825.5,0.125,Sell
1585268806.3512,6822.0,4.503,Sell
1585268813.5191,6824.0,0.001,Sell
1585268815.354,6827.0,0.662,Sell
1585268821.3807,6826.5,0.325,Sell
1585268824.3557,6826.5,0.094,Buy
1585268831.3439,6825.0,0.174,Sell
1585268842.9442,6822.0,0.129,Sell
1585268845.773,6824.0,0.025,Sell
1585268868.3517,6822.5,1.338,Sell
1585268879.3544,6823.5,0.248,Sell
1585268881.1719,6824.0,0.01,Sell
1585268897.7616,6827.5,0.006,Buy
1585268917.3495,6825.5,0.103,Buy
1585268946.3512,6825.5,0.583,Sell
1585268964.7209,6824.0,0.012,Sell
1585268993.5485,6820.0,0.013,Sell
1585269004.3555,6814.5,0.102,Sell
1585269004.3613,6814.5,1.0,Sell
1585269033.358,6817.0,0.703,Buy
1585269041.8662,6821.0,0.043,Buy
1585269047.3624,6817.5,0.968,Sell
1585269054.3642,6817.5,0.453,Sell
1585269074.2946,6813.5,0.074,Sell
1585269077.373,6814.0,2.237,Sell
1585269089.3963,6814.0,0.057,Sell
1585269090.3746,6814.0,0.2,Sell
1585269097.6612,6809.0,0.133,Sell
1585269098.0816,6809.0,0.004,Sell
1585269103.3773,6804.5,0.62,Buy
1585269108.1903,6788.5,0.061,Sell
1585269116.3789,6793.5,0.891,Sell
1585269124.7633,6791.0,0.2,Buy
1585269129.3816,6789.5,1.223,Buy
1585269135.3488,6788.0,0.187,Sell
1585269135.8555,6779.5,0.034,Buy
1585269157.3832,6789.5,0.237,Sell
1585269157.3887,6790.5,1.0,Buy
1585269173.172,6786.0,0.119,Buy
1585269185.386,6787.5,0.995,Buy
1585269185.7746,6788.0,0.2,Buy
1585269200.3318,6787.0,0.011,Sell
1585269212.3722,6791.5,0.3,Buy
1585269213.3878,6789.5,0.541,Sell
1585269226.4466,6796.5,0.012,Buy
1585269236.9528,6795.5,0.133,Buy
1585269241.3918,6791.0,0.424,Sell
1585269252.3966,6787.5,0.015,Sell
1585269264.8044,6787.0,0.023,Sell
1585269272.3983,6789.0,3.041,Sell
1585269292.401,6783.0,0.051,Sell
1585269294.8388,6783.5,3.0,Sell
1585269305.7116,6780.0,2.0,Sell
1585269312.4027,6781.0,0.8,Sell
1585269332.4065,6783.5,0.765,Sell
1585269346.5028,6783.0,0.001,Buy
1585269354.4082,6783.0,0.948,Buy
1585269376.4118,6777.5,0.329,Sell
1585269398.4135,6774.0,0.197,Sell
1585269413.164,6780.5,0.066,Sell
1585269420.4174,6784.0,0.538,Buy
1585269424.4191,6786.5,0.553,Buy
1585269428.4219,6787.5,0.485,Sell
1585269430.7094,6791.0,0.061,Buy
1585269430.7148,6791.0,2.0,Buy
1585269432.4236,6788.0,0.405,Sell
1585269457.3495,6790.5,0.68,Sell
1585269461.3512,6790.5,0.228,Sell
1585269465.3539,6790.5,0.54,Buy
1585269469.3556,6791.0,0.683,Sell
1585269517.3496,6800.0,0.317,Sell
1585269518.3512,6800.0,0.164,Sell
1585269519.3541,6800.5,1.443,Sell
1585269520.3558,6800.0,0.962,Sell
1585269529.4059,6804.0,2.0,Buy
1585269605.3539,6799.0,0.291,Buy
1585269610.0757,6798.5,0.5,Sell
1585269619.3557,6797.5,0.604,Sell
1585269643.354,6809.5,0.665,Sell
1585269646.3556,6809.5,0.062,Sell
1585269652.6189,6809.5,0.5,Buy
1585269653.142,6810.0,0.5,Buy
1585269664.1371,6811.5,0.001,Sell
1585269682.2963,6813.5,0.15,Buy
1585269697.3496,6812.5,0.771,Buy
1585269703.1488,6813.0,0.013,Buy
1585269707.4893,6819.0,0.5,Buy
1585269729.3541,6809.0,0.648,Sell
1585269740.9329,6813.5,0.6,Sell
1585269745.3557,6810.5,0.08,Sell
1585269761.3639,6819.0,0.384,Sell
1585269776.3655,6815.5,0.545,Sell
1585269791.3692,6816.5,0.857,Buy
1585269806.3709,6815.5,0.631,Sell
1585269816.4307,6813.0,0.1,Buy
1585269821.3735,6811.5,0.25,Sell
1585269866.3455,6803.5,0.15,Sell
1585269877.378,6803.0,0.127,Sell
1585269894.3418,6803.0,0.15,Sell
1585269933.3868,6809.5,0.186,Buy
1585269935.3796,6809.0,0.05,Sell
1585269949.4818,6808.5,0.1,Buy
1585269961.3886,6810.5,4.252,Sell
1585269971.868,6812.0,0.066,Buy
1585269990.9836,6812.5,0.202,Buy
1585270017.393,6814.0,3.643,Sell
1585270045.3957,6814.0,0.959,Buy
1585270046.3974,6813.0,0.288,Buy
1585270046.434,6814.0,0.05,Buy
1585270047.4003,6813.5,0.81,Sell
1585270057.3497,6809.0,3.307,Sell
1585270065.3513,6808.0,2.849,Buy
1585270073.3549,6809.5,0.123,Sell
1585270081.3565,6808.0,0.309,Sell
1585270089.3604,6808.0,2.316,Buy
1585270118.3652,6815.0,4.3,Sell
1585270140.3669,6817.0,0.796,Buy
1585270162.3696,6810.5,0.065,Sell
1585270186.284,6808.0,0.002,Buy
1585270194.3271,6805.0,0.187,Buy
1585270198.8451,6797.0,0.133,Sell
1585270198.8552,6797.0,2.0,Sell
1585270199.5264,6795.0,0.5,Sell
1585270200.0542,6792.0,0.5,Sell
1585270206.3785,6793.0,0.91,Buy
1585270207.3802,6793.0,2.838,Buy
1585270208.1667,6792.5,0.119,Sell
1585270208.3831,6793.0,0.45,Sell
1585270209.3848,6793.5,0.385,Sell
1585270225.9834,6796.5,0.1,Buy
1585270237.3495,6796.0,0.046,Buy
1585270239.3512,6796.0,0.463,Buy
1585270241.3538,6797.5,0.04,Buy
1585270266.9577,6792.5,0.15,Sell
1585270267.3032,6792.5,0.15,Sell
1585270297.3497,6795.0,0.405,Buy
1585270305.3513,6793.5,0.035,Sell
1585270313.3541,6794.5,0.006,Sell
1585270357.3496,6796.0,0.721,Buy
1585270381.3513,6796.0,1.097,Buy
1585270405.3539,6796.5,4.161,Sell
1585270428.0998,6799.5,0.2,Buy
1585270428.0998,6797.0,0.1,Buy
1585270428.4869,6799.0,0.3,Buy
1585270429.3556,6798.5,0.818,Sell
1585270453.3585,6799.5,0.877,Sell
1585270464.7816,6802.0,0.019,Buy
1585270471.3602,6801.0,0.241,Sell
1585270489.3629,6800.5,0.851,Buy
1585270494.8322,6801.5,0.119,Buy
1585270507.3646,6801.5,0.938,Sell
1585270521.5486,6799.0,0.716,Sell
1585270523.1486,6799.0,0.791,Sell
1585270523.2486,6799.0,0.142,Sell
1585270523.3486,6799.0,0.881,Sell
1585270523.4485,6799.0,0.859,Sell
1585270525.3715,6799.5,0.066,Sell
1585270534.9486,6799.0,0.631,Sell
1585270535.0485,6799.0,0.223,Sell
1585270535.1486,6799.0,0.35,Sell
1585270535.2486,6799.0,0.661,Sell
1585270535.3491,6799.0,0.95,Sell
1585270535.4486,6799.0,0.566,Sell
1585270536.1486,6799.0,0.826,Sell
1585270536.2485,6799.0,0.659,Sell
1585270536.3485,6799.0,0.38,Sell
1585270536.4485,6799.0,0.89,Sell
1585270536.5486,6799.0,0.268,Sell
1585270536.6483,6799.0,0.963,Sell
1585270536.7486,6799.0,0.832,Sell
1585270536.8538,6799.0,0.333,Sell
1585270539.3486,6799.0,0.392,Sell
1585270539.6485,6799.0,0.661,Sell
1585270539.7485,6799.0,0.878,Sell
1585270539.8485,6799.0,0.145,Sell
1585270553.3732,6794.0,0.678,Buy
1585270581.3758,6789.0,0.773,Sell
1585270609.3776,6789.0,0.331,Buy
1585270610.4615,6790.5,0.3,Sell
1585270620.3511,6795.0,0.104,Buy
1585270637.3871,6796.0,0.522,Sell
1585270651.3887,6794.0,0.328,Sell
1585270665.3915,6793.5,0.379,Sell
1585270679.3933,6793.5,0.99,Buy
1585270693.3959,6801.0,0.318,Sell
1585270695.2454,6801.0,0.014,Sell
1585270698.3976,6802.0,0.836,Buy
1585270703.4006,6802.5,0.953,Buy
1585270708.4023,6802.5,0.157,Buy
1585270717.3496,6802.0,0.953,Sell
1585270722.3512,6802.0,1.566,Sell
1585270727.354,6803.5,0.856,Sell
1585270777.3497,6807.5,0.253,Sell
1585270785.3514,6807.5,0.012,Buy
1585270793.354,6808.5,0.938,Sell
1585270837.3495,6818.5,0.453,Sell
1585270859.3513,6821.5,0.039,Sell
1585270872.5018,6818.5,0.2,Sell
1585270879.1662,6817.0,0.1,Buy
1585270881.3541,6816.0,0.315,Buy
1585270889.7948,6814.5,0.024,Buy
1585270902.0909,6808.5,0.687,Sell
1585270903.3557,6809.5,0.488,Sell
1585270925.3628,6808.0,0.52,Buy
1585270952.3644,6805.0,0.16,Sell
1585270970.3785,6808.5,3.388,Sell
1585270979.3672,6806.5,0.409,Sell
1585271006.3689,6808.0,1.825,Buy
1585271033.3715,6808.0,4.079,Sell
1585271037.7892,6807.0,0.1,Sell
1585271038.3321,6807.0,0.1,Sell
1585271038.5254,6807.0,0.1,Sell
1585271050.3732,6809.0,0.984,Buy
1585271055.1486,6810.0,0.37,Buy
1585271067.376,6813.5,0.738,Buy
1585271101.3803,6813.0,0.55,Buy
1585271110.382,6812.0,0.543,Sell
1585271119.3856,6808.5,0.696,Sell
1585271119.3913,6807.5,4.476,Sell
1585271119.3913,6807.0,4.038,Sell
1585271119.3913,6806.5,5.483,Sell
1585271137.3955,6810.0,0.322,Buy
1585271144.3971,6807.5,1.444,Sell
1585271151.4,6808.5,0.746,Sell
1585271158.4017,6808.5,0.378,Buy
1585271197.3496,6798.5,0.891,Buy
1585271220.3513,6802.5,2.33,Sell
1585271243.3541,6792.5,0.479,Buy
1585271266.3559,6794.0,0.128,Sell
1585271276.7237,6796.0,0.1,Buy
1585271282.2488,6796.0,0.077,Buy
1585271289.3585,6801.5,0.973,Sell
1585271314.3602,6798.0,0.994,Sell
1585271329.1717,6797.0,0.177,Sell
1585271333.2145,6797.0,0.067,Sell
1585271339.3628,6792.0,0.967,Sell
1585271364.3646,6793.5,0.051,Sell
1585271370.8557,6791.5,0.37,Buy
1585271379.1097,6785.0,0.1,Sell
1585271381.3284,6788.5,0.135,Sell
1585271389.3727,6788.5,0.391,Sell
1585271415.3744,6792.5,0.915,Buy
1585271441.3773,6798.5,0.488,Sell
1585271442.1534,6799.0,0.2,Buy
1585271467.379,6794.5,0.063,Sell
1585271493.3818,6792.5,0.267,Sell
1585271493.3818,6792.5,0.443,Sell
1585271505.3868,6791.5,0.328,Buy
1585271517.3914,6790.0,2.723,Sell
1585271519.1331,6790.5,0.5,Sell
1585271541.3931,6788.5,0.635,Sell
1585271565.3958,6789.0,0.707,Buy
1585271589.3976,6791.0,0.167,Sell
1585271613.4047,6795.5,0.598,Sell
1585271632.4065,6794.0,0.101,Sell
1585271651.4094,6800.5,0.929,Sell
1585271665.8303,6799.5,0.443,Sell
1585271670.4112,6798.5,0.937,Buy
1585271689.4139,6799.5,0.027,Buy
1585271715.4156,6799.5,0.316,Sell
1585271741.4185,6796.0,0.073,Buy
1585271767.4203,6794.5,0.488,Buy
1585271793.423,6794.0,0.126,Buy
1585271799.4247,6793.5,0.125,Sell
1585271805.4276,6794.0,0.602,Buy
1585271811.4294,6794.5,0.031,Sell
1585271836.4447,6793.0,0.267,Sell
1585271855.4477,6790.5,0.037,Sell
1585271874.4494,6790.5,0.122,Sell
1585271893.452,6790.0,0.944,Sell
1585271922.4537,6792.5,0.793,Sell
1585272009.4659,6787.0,0.453,Buy
1585272034.4675,6790.5,3.326,Buy
1585272059.4702,6788.0,3.106,Sell
1585272084.472,6789.0,0.271,Buy
1585272109.4798,6788.5,0.265,Buy
1585272113.6929,6788.5,7.569,Sell
1585272120.4814,6788.0,0.195,Sell
1585272131.4861,6788.5,0.5,Sell
1585272131.4861,6788.5,0.211,Sell
1585272142.4879,6783.5,0.376,Sell
1585272157.3496,6781.5,0.418,Sell
1585272158.3513,6781.5,4.215,Buy
1585272159.3539,6781.5,3.711,Buy
1585272160.3557,6781.5,0.73,Sell
1585272181.3055,6778.0,0.1,Sell
1585272181.3055,6780.0,0.1,Sell
1585272181.3113,6778.0,0.463,Sell
1585272197.9221,6783.0,0.135,Buy
1585272207.7576,6783.0,2.669,Buy
1585272207.7576,6783.0,4.9,Buy
1585272217.3497,6785.0,2.389,Sell
1585272229.6195,6787.0,0.011,Buy
1585272253.3542,6784.5,0.374,Sell
1585272271.3559,6785.5,0.391,Sell
1585272299.3612,6786.5,0.386,Buy
1585272319.3667,6786.5,0.807,Sell
1585272329.3705,6786.5,0.093,Buy
1585272349.0885,6787.0,0.001,Buy
1585272349.0885,6789.5,0.462,Buy
1585272369.3812,6789.0,0.736,Sell
1585272384.3829,6788.5,0.906,Buy
1585272399.3857,6788.5,0.975,Sell
1585272429.3902,6791.0,0.746,Sell
1585272438.3919,6796.5,0.623,Buy
1585272447.3947,6793.0,0.594,Sell
1585272456.3964,6794.0,0.092,Buy
1585272465.4045,6796.0,0.755,Buy
1585272467.4062,6795.0,0.933,Sell
1585272469.4092,6796.5,0.745,Sell
1585272471.411,6796.0,0.639,Buy
1585272517.3495,6791.0,0.1,Sell
1585272529.3512,6791.0,0.97,Sell
1585272537.4365,6794.5,0.687,Buy
1585272541.354,6793.5,0.231,Sell
1585272553.3556,6791.5,0.398,Sell
1585272577.3495,6790.0,0.457,Buy
1585272584.3512,6790.0,0.028,Sell
1585272591.354,6790.5,0.139,Sell
1585272598.3558,6790.0,0.418,Buy
1585272637.3496,6790.0,0.82,Buy
1585272661.3513,6790.5,0.729,Sell
1585272685.3539,6791.0,0.612,Sell
1585272709.3557,6787.5,3.013,Buy
1585272732.151,6787.0,0.001,Sell
1585272733.3592,6782.5,0.099,Buy
1585272761.3608,6778.5,0.446,Sell
1585272768.6564,6776.5,0.01,Sell
1585272769.8661,6776.5,0.01,Sell
1585272770.6578,6776.5,0.01,Sell
1585272771.5503,6776.5,0.01,Sell
1585272816.7957,6775.5,0.01,Sell
1585272817.4867,6777.0,0.01,Sell
1585272818.2999,6774.5,0.01,Sell
1585272818.9679,6774.5,0.01,Sell
1585272819.7399,6774.5,0.01,Sell
1585272831.8716,6775.5,0.007,Sell
1585272846.3719,6776.5,0.8,Sell
1585272847.3747,6776.5,1.106,Sell
1585272877.3496,6780.5,1.13,Sell
1585272878.3513,6780.5,0.544,Buy
1585272880.3558,6780.5,0.002,Sell
1585272937.3498,6777.0,0.451,Sell
1585272944.3515,6774.5,0.733,Buy
1585272949.8487,6773.0,0.05,Sell
1585272950.3818,6768.5,0.104,Sell
1585272951.3547,6769.5,0.044,Sell
1585272958.3564,6772.5,0.361,Sell
1585272997.3495,6764.0,0.296,Sell
1585273025.3512,6767.0,3.099,Buy
1585273053.3539,6767.5,0.955,Sell
1585273062.8486,6767.0,0.5,Sell
1585273064.8352,6760.0,0.147,Buy
1585273081.3556,6757.5,0.394,Buy
1585273107.4335,6770.5,1.0,Buy
1585273136.3655,6768.5,3.32,Sell
1585273162.0276,6767.0,0.35,Buy
1585273163.3683,6767.0,0.233,Sell
1585273190.37,6765.5,0.971,Sell
1585273217.3736,6764.5,0.753,Buy
1585273237.3753,6765.0,0.41,Buy
1585273261.9487,6766.0,0.964,Buy
1585273262.0486,6766.0,0.1,Buy
1585273262.1487,6766.0,0.1,Buy
1585273262.2485,6766.0,0.195,Buy
1585273262.3485,6766.0,0.441,Buy
1585273285.7095,6776.0,0.024,Buy
1585273285.7095,6772.0,0.001,Buy
1585273297.3825,6778.0,0.985,Buy
1585273304.3842,6779.5,0.298,Sell
1585273304.5662,6779.0,0.136,Sell
1585273311.387,6778.0,0.959,Buy
1585273318.3888,6777.0,0.204,Buy
1585273325.3927,6777.0,0.566,Sell
1585273327.3944,6777.0,0.939,Buy
1585273357.3501,6773.0,0.933,Buy
1585273385.3518,6777.5,0.604,Sell
1585273413.3546,6777.0,0.054,Sell
1585273441.3565,6774.0,0.034,Buy
1585273469.3602,6774.0,0.624,Buy
1585273475.3618,6775.0,0.325,Sell
1585273481.3646,6776.5,0.312,Sell
1585273487.3664,6778.5,0.431,Sell
1585273493.3736,6777.0,0.802,Sell
1585273523.3797,6775.5,0.505,Buy
1585273537.3496,6776.5,0.578,Sell
1585273557.3513,6778.0,0.775,Sell
1585273617.3593,6778.0,0.816,Sell
1585273643.361,6777.5,0.37,Buy
1585273655.4487,6777.0,0.4,Sell
1585273669.3643,6771.5,2.072,Sell
1585273695.6485,6771.0,0.001,Sell
1585273721.3685,6765.0,0.551,Sell
1585273731.3703,6766.5,0.127,Sell
1585273741.373,6766.5,0.338,Buy
1585273747.9027,6766.5,0.2,Sell
1585273751.3747,6766.5,0.412,Sell
1585273752.4522,6767.0,0.013,Buy
1585273754.5484,6767.0,0.114,Buy
1585273754.6484,6767.0,0.335,Buy
1585273754.6484,6767.0,0.111,Buy
1585273777.3495,6769.0,0.711,Sell
1585273790.5633,6769.5,0.031,Sell
1585273796.3512,6769.5,0.601,Sell
1585273809.3484,6770.0,0.001,Buy
1585273809.3484,6770.0,0.4,Buy
1585273815.3539,6778.0,0.843,Buy
1585273825.5539,6778.5,0.1,Buy
1585273827.636,6778.5,0.031,Buy
1585273853.3582,6777.0,0.382,Sell
1585273881.3598,6777.0,0.922,Sell
1585273909.3626,6778.0,0.306,Sell
1585273937.3644,6778.5,3.356,Buy
1585273939.1486,6779.0,0.4,Buy
1585273939.6485,6780.0,0.1,Buy
1585273939.7485,6780.0,0.768,Buy
1585273947.7616,6787.0,0.335,Buy
1585273947.7667,6787.0,0.07,Buy
1585273948.1731,6787.0,0.05,Buy
1585273965.3668,6788.0,4.332,Sell
1585273989.3713,6799.5,0.125,Sell
1585274000.1486,6800.0,0.939,Buy
1585274000.2486,6800.0,0.704,Buy
1585274000.3485,6800.0,1.357,Buy
1585274000.3485,6800.0,0.02,Buy
1585274000.5269,6806.5,0.358,Buy
1585274001.3731,6805.5,0.142,Sell
1585274017.3495,6798.5,0.158,Buy
1585274017.5758,6799.0,0.007,Buy
1585274023.6222,6801.0,0.275,Sell
1585274041.354,6800.5,0.976,Sell
1585274042.6635,6798.5,0.006,Buy
1585274044.9036,6795.5,0.275,Buy
1585274065.3596,6796.0,0.836,Sell
1585274076.3612,6796.5,0.844,Sell
1585274087.3673,6793.0,0.289,Sell
1585274092.4718,6791.0,0.03,Sell
1585274102.369,6791.0,0.767,Sell
1585274132.3734,6794.5,0.988,Sell
1585274147.3804,6794.5,0.872,Buy
1585274157.4576,6797.0,0.001,Buy
1585274161.8647,6795.5,0.001,Sell
1585274169.3847,6796.0,0.59,Buy
1585274173.5857,6793.5,0.35,Sell
1585274173.5916,6794.5,0.234,Buy
1585274174.081,6793.0,0.35,Sell
1585274180.3864,6790.5,0.361,Sell
1585274180.8234,6790.5,0.2,Sell
1585274184.6613,6790.5,0.001,Sell
1585274197.3496,6793.0,0.533,Sell
1585274206.3512,6794.0,0.091,Sell
1585274215.3539,6794.5,0.19,Sell
1585274257.3496,6799.0,0.138,Buy
1585274262.4598,6799.0,0.1,Buy
1585274276.2995,6799.0,0.1,Buy
1585274283.3512,6798.0,0.615,Sell
1585274309.354,6799.5,1.931,Buy
1585274345.7136,6797.5,0.001,Buy
1585274373.3622,6796.5,0.012,Sell
1585274397.3686,6799.5,0.152,Sell
1585274409.3713,6799.0,0.869,Buy
1585274421.3731,6798.5,0.686,Buy
1585274437.3543,6798.5,0.627,Sell
1585274479.3605,6798.5,0.12,Sell
1585274510.3517,6799.0,0.351,Sell
1585274523.3546,6798.5,0.242,Sell
1585274523.3546,6798.5,0.03,Sell
1585274557.3496,6799.0,0.58,Sell
1585274593.354,6798.5,0.244,Sell
1585274602.6485,6798.0,0.4,Sell
1585274618.6291,6796.5,0.008,Sell
1585274623.3982,6797.0,0.008,Buy
1585274629.3582,6796.5,0.514,Sell
1585274629.3582,6796.5,0.004,Sell
1585274629.8256,6793.0,0.004,Sell
1585274629.8256,6796.5,0.004,Sell
1585274646.3599,6790.5,0.663,Buy
1585274654.5787,6792.5,0.008,Buy
1585274670.398,6794.5,0.003,Sell
1585274672.9613,6795.0,0.003,Buy
1585274673.066,6795.0,0.003,Buy
1585274680.3644,6794.5,0.978,Sell
1585274680.8501,6794.5,0.5,Sell
1585274685.1028,6794.5,0.003,Sell
1585274739.5341,6788.5,0.005,Sell
1585274742.3405,6790.5,0.005,Buy
1585274742.4429,6790.5,0.005,Buy
1585274745.3715,6789.0,0.413,Sell
1585274749.3569,6789.5,0.005,Sell
1585274769.3731,6789.5,0.621,Sell
1585274796.3798,6785.5,0.915,Sell
1585274806.9486,6785.5,0.1,Sell
1585274807.0485,6785.5,0.1,Sell
1585274807.1486,6785.5,0.1,Sell
1585274807.251,6785.5,0.1,Sell
1585274807.3485,6785.5,0.1,Sell
1585274807.4489,6785.5,0.1,Sell
1585274807.5485,6785.5,0.1,Sell
1585274807.6484,6785.5,0.1,Sell
1585274807.7485,6785.5,0.1,Sell
1585274807.8486,6785.0,0.001,Sell
1585274807.8486,6785.5,0.015,Sell
1585274808.3864,6780.5,2.649,Buy
1585274826.391,6780.0,0.442,Sell
1585274848.181,6777.0,0.018,Sell
1585274857.3495,6782.0,0.392,Buy
1585274859.0798,6783.0,0.027,Sell
1585274860.3512,6782.5,4.026,Sell
1585274863.354,6780.5,0.393,Buy
1585274866.3557,6781.5,0.81,Sell
1585274907.8486,6781.0,0.45,Buy
1585274907.9486,6781.0,0.364,Buy
1585274908.0486,6781.0,0.269,Buy
1585274908.1486,6781.0,0.482,Buy
1585274908.9484,6781.0,0.963,Buy
1585274909.0487,6781.0,0.472,Buy
1585274912.4898,6784.5,0.004,Sell
1585274914.9623,6785.0,0.001,Buy
1585274914.9623,6785.5,0.003,Buy
1585274915.0632,6785.5,0.004,Buy
1585274917.3497,6784.0,0.444,Sell
1585274921.2875,6784.0,0.004,Sell
1585274929.3513,6781.5,0.759,Buy
1585274941.0816,6781.0,0.004,Sell
1585274941.3542,6781.5,0.998,Sell
1585274942.6863,6782.0,0.004,Buy
1585274942.7827,6782.0,0.004,Buy
1585274953.5305,6781.5,0.004,Sell
1585274966.721,6783.5,0.012,Sell
1585274968.5067,6785.5,0.012,Buy
1585274977.3495,6785.5,0.075,Sell
1585274981.3512,6785.5,0.175,Sell
1585274984.289,6783.5,0.008,Sell
1585274986.4264,6784.5,0.008,Buy
1585275101.3627,6783.5,0.386,Sell
1585275113.2976,6783.5,0.004,Sell
1585275123.9484,6784.0,0.01,Buy
1585275129.3644,6791.0,0.613,Buy
1585275136.202,6790.0,0.001,Sell
1585275157.3672,6791.5,0.069,Sell
1585275212.4944,6783.5,0.008,Sell
1585275215.5957,6784.0,0.008,Buy
1585275228.3733,6783.5,0.135,Sell
1585275243.3774,6783.5,0.682,Sell
1585275243.3774,6783.5,0.163,Sell
1585275245.1109,6784.0,0.001,Buy
1585275273.3829,6781.5,0.875,Sell
1585275286.3847,6782.0,0.019,Buy
1585275299.3903,6781.5,1.522,Sell
1585275299.3903,6781.5,0.875,Sell
1585275303.392,6782.5,0.328,Sell
1585275307.3948,6780.0,0.9,Buy
1585275311.3965,6774.5,0.368,Buy
1585275337.3496,6779.0,0.584,Buy
1585275343.3513,6780.0,0.804,Sell
1585275349.3541,6780.5,0.366,Sell
1585275385.7611,6775.5,0.094,Sell
1585275397.3497,6774.5,0.321,Buy
1585275414.3515,6772.5,0.032,Sell
1585275431.3543,6776.5,0.89,Buy
1585275435.2335,6776.0,0.04,Sell
1585275448.356,6778.5,0.24,Sell
1585275465.3587,6780.0,0.186,Sell
1585275467.8003,6779.5,0.012,Sell
1585275493.3603,6779.5,0.147,Sell
1585275521.3638,6777.5,0.617,Sell
1585275577.3681,6781.5,0.279,Buy
1585275588.31,6782.0,0.001,Buy
1585275607.3744,6781.0,0.395,Buy
1585275610.6962,6782.0,0.001,Sell
1585275617.3783,6782.5,0.71,Buy
1585275637.3495,6783.5,0.415,Buy
1585275662.3513,6784.5,0.05,Sell
1585275687.354,6784.5,0.843,Sell
1585275694.0485,6785.0,0.001,Buy
1585275712.3558,6790.5,0.37,Buy
1585275737.3584,6788.5,0.357,Buy
1585275743.3601,6787.5,0.909,Buy
1585275743.6624,6787.0,0.234,Sell
1585275755.3647,6788.5,0.277,Sell
1585275761.3724,6787.0,2.093,Sell
1585275772.3741,6787.5,0.538,Sell
1585275783.3768,6788.0,0.094,Sell
1585275794.3785,6788.5,1.572,Buy
1585275817.3495,6788.0,0.498,Sell
1585275817.9407,6788.5,0.001,Buy
1585275827.5186,6787.0,0.001,Sell
1585275844.3512,6786.5,0.055,Sell
1585275925.3632,6789.0,3.25,Sell
1585275928.365,6789.5,0.337,Sell
1585275931.3675,6789.0,1.938,Sell
1585275931.3675,6789.0,1.342,Sell
1585275934.3693,6789.5,0.649,Buy
1585275937.3763,6789.5,0.816,Sell
1585275941.4783,6790.0,1.29,Buy
1585275941.4783,6790.0,0.01,Buy
1585275951.378,6789.0,0.46,Buy
1585275979.3827,6787.0,0.844,Sell
1585275997.3496,6787.5,0.628,Buy
1585276019.3513,6789.5,0.03,Sell
1585276040.0743,6790.0,0.004,Buy
1585276041.3539,6789.0,0.501,Sell
1585276097.4488,6785.0,0.001,Sell
1585276102.366,6780.0,0.433,Buy
1585276119.3688,6779.0,0.083,Sell
1585276144.6043,6778.5,0.5,Sell
1585276181.375,6783.0,0.977,Buy
1585276237.38,6779.0,0.76,Buy
1585276265.3839,6782.0,0.243,Sell
1585276276.3856,6777.0,0.799,Sell
1585276287.3885,6771.5,0.895,Sell
1585276287.4004,6771.5,0.004,Sell
1585276309.3973,6777.0,4.397,Buy
1585276314.399,6776.5,0.466,Sell
1585276319.4019,6775.0,1.786,Sell
1585276357.3496,6770.5,0.39,Sell
1585276390.356,6770.5,0.911,Sell
1585276394.1021,6770.5,0.2,Buy
1585276417.3496,6770.5,4.378,Buy
1585276425.3513,6771.5,0.117,Buy
1585276426.3381,6770.5,0.1,Sell
1585276433.3541,6771.0,0.615,Sell
1585276441.3559,6770.5,0.338,Sell
1585276507.3572,6770.5,0.397,Sell
1585276537.3496,6771.5,0.418,Sell
1585276546.3512,6770.5,0.8,Sell
1585276546.3512,6770.5,0.14,Sell
1585276557.5486,6770.0,0.4,Sell
1585276557.5486,6770.0,0.001,Sell
1585276597.3496,6765.5,0.028,Sell
1585276605.3703,6765.0,0.051,Buy
1585276623.3512,6764.0,0.629,Sell
1585276643.0856,6758.0,0.002,Sell
1585276649.354,6760.5,0.377,Sell
1585276675.3557,6756.5,0.988,Sell
1585276706.3601,6760.0,0.226,Sell
1585276711.363,6760.5,1.437,Buy
1585276716.3648,6760.5,0.167,Sell
1585276721.3675,6762.0,0.131,Sell
1585276744.3693,6764.5,0.818,Sell
1585276754.7487,6765.0,0.104,Buy
1585276754.8486,6765.0,0.078,Buy
1585276767.3721,6766.5,0.272,Buy
1585276786.3956,6767.5,0.012,Buy
1585276800.0595,6767.0,0.199,Buy
1585276813.3764,6766.5,0.933,Sell
1585276842.3781,6762.5,0.554,Buy
1585276900.3827,6763.0,0.917,Sell
1585276929.3878,6769.5,0.732,Sell
1585276965.3943,6770.5,0.891,Sell
1585276975.3959,6770.0,0.26,Sell
1585276985.3989,6766.5,0.595,Sell
1585276985.7784,6767.0,0.4,Buy
1585276985.8837,6767.0,0.4,Buy
1585276995.4007,6767.0,0.27,Sell
1585277017.3496,6769.0,0.5,Sell
1585277024.3513,6770.0,0.499,Buy
1585277031.3541,6770.5,0.966,Sell
1585277045.3596,6770.5,0.884,Sell
1585277059.1517,6771.0,0.001,Buy
1585277081.366,6773.5,2.423,Sell
1585277094.3677,6774.0,2.593,Buy
1585277107.3704,6774.5,0.873,Sell
1585277151.1485,6775.0,0.001,Buy
1585277155.3559,6779.5,0.097,Sell
1585277222.3512,6778.5,0.047,Sell
1585277272.3555,6777.5,0.091,Sell
1585277297.3625,6775.5,0.702,Sell
1585277299.3643,6775.5,0.087,Sell
1585277301.3671,6775.5,0.457,Buy
1585277303.3689,6775.5,0.489,Sell
1585277345.3512,6776.5,0.77,Buy
1585277345.578,6776.0,0.595,Sell
1585277373.3541,6777.5,0.435,Sell
1585277429.3641,6778.5,0.855,Sell
1585277449.3659,6777.5,0.596,Sell
1585277469.3686,6778.0,0.724,Sell
1585277489.3703,6779.0,0.718,Buy
1585277509.3728,6778.0,0.997,Buy
1585277510.3745,6778.0,0.912,Sell
1585277511.3774,6779.0,0.723,Buy
1585277512.3791,6778.0,0.497,Buy
1585277583.3512,6776.5,3.132,Sell
1585277601.9303,6776.5,0.006,Sell
1585277620.8091,6777.5,0.005,Buy
1585277657.0307,6778.0,0.354,Buy
1585277657.0307,6777.5,0.046,Buy
1585277661.3625,6777.5,0.223,Sell
1585277680.6526,6775.5,1.0,Buy
1585277720.911,6777.5,0.337,Buy
1585277727.3689,6776.5,0.277,Buy
1585277731.7894,6776.5,0.4,Sell
1585277749.3738,6777.5,2.034,Sell
1585277750.3755,6778.5,0.958,Sell
1585277751.3805,6778.5,0.134,Sell
1585277754.3868,6778.5,0.006,Sell
1585277797.3496,6779.5,1.803,Sell
1585277799.5486,6780.0,0.05,Buy
1585277799.5486,6780.0,0.043,Buy
1585277799.5486,6780.0,0.01,Buy
1585277810.3513,6784.0,0.39,Buy
1585277823.354,6781.5,0.55,Buy
1585277857.3496,6780.5,0.476,Buy
1585277879.538,6781.5,4.0,Buy
1585277911.354,6784.5,0.393,Sell
1585277962.9481,6788.5,0.123,Buy
1585277962.9481,6786.0,0.001,Buy
1585277962.9481,6785.0,0.01,Buy
1585277962.9997,6788.5,3.5,Buy
1585277965.3637,6789.5,4.522,Buy
1585278003.3683,6788.5,0.618,Sell
1585278022.37,6788.5,0.029,Sell
1585278024.3723,6788.5,0.4,Sell
1585278037.6485,6790.0,0.01,Buy
1585278037.6485,6790.0,0.006,Buy
1585278037.6543,6796.0,0.858,Buy
1585278037.6543,6795.0,0.01,Buy
1585278041.3727,6794.5,0.353,Sell
1585278063.3745,6792.5,0.183,Sell
1585278129.2806,6794.0,0.134,Sell
1585278129.3875,6795.5,0.861,Sell
1585278140.967,6794.5,4.0,Sell
1585278147.3892,6793.5,3.637,Buy
1585278165.392,6794.5,0.038,Buy
1585278183.3937,6795.5,0.386,Buy
1585278201.3964,6796.5,0.95,Buy
1585278212.2081,6798.5,0.14,Buy
1585278212.2081,6797.0,0.01,Buy
1585278215.4009,6797.5,0.857,Sell
1585278229.4063,6797.5,0.024,Sell
1585278232.4127,6797.5,0.572,Sell
1585278245.4186,6798.5,3.667,Sell
1585278262.8859,6799.5,0.1,Buy
1585278277.35,6799.0,0.509,Sell
1585278278.3517,6799.0,3.366,Sell
1585278279.3544,6799.0,0.316,Sell
1585278361.3514,6798.5,0.775,Sell
1585278369.0268,6798.5,0.5,Sell
1585278385.3543,6798.5,0.779,Sell
1585278400.8288,6798.5,0.133,Sell
1585278457.7851,6798.5,0.01,Sell
1585278469.371,6798.5,0.183,Sell
1585278616.389,6798.5,0.108,Sell
1585278635.392,6798.5,0.051,Sell
1585278653.5314,6798.5,0.1,Sell
1585278660.5027,6798.5,1.0,Sell
1585278673.3964,6798.5,0.028,Sell
1585278673.3964,6798.5,0.069,Sell
1585278694.4485,6785.0,0.001,Sell
1585278697.4007,6776.5,2.849,Sell
1585278697.4007,6776.5,0.99,Sell
1585278709.4025,6779.0,0.078,Sell
1585278711.0947,6780.0,1.0,Buy
1585278716.8114,6781.5,0.133,Buy
1585278721.4065,6781.0,0.832,Buy
1585278767.4109,6781.5,0.678,Sell
1585278813.4208,6781.5,0.976,Sell
1585278839.4254,6784.5,0.714,Sell
1585278852.4272,6784.5,0.835,Sell
1585278865.4299,6784.5,0.389,Buy
1585278883.4316,6783.5,0.528,Sell
1585278901.4343,6780.5,0.618,Buy
1585278919.4361,6781.5,0.66,Sell
1585278937.4388,6780.5,0.392,Buy
1585278947.9535,6780.5,0.5,Sell
1585278958.4405,6780.5,0.494,Sell
1585278973.8263,6781.0,0.5,Sell
1585278979.4434,6781.0,0.07,Sell
1585278990.7854,6781.5,0.001,Sell
1585278996.5965,6785.0,0.001,Buy
1585279000.4452,6783.0,0.633,Buy
1585279021.4479,6783.5,0.397,Sell
1585279025.4496,6784.0,0.767,Sell
1585279029.4523,6784.0,4.356,Sell
1585279033.4541,6784.5,0.8,Buy
1585279058.637,6781.0,0.001,Buy
1585279065.3513,6780.5,0.283,Sell
1585279065.3513,6780.5,0.001,Sell
1585279073.3541,6782.5,0.742,Sell
1585279081.3559,6782.5,0.973,Buy
1585279139.3513,6782.5,0.824,Sell
1585279183.3567,6784.5,0.39,Buy
1585279205.3592,6782.0,0.882,Sell
1585279226.3609,6782.0,3.973,Sell
1585279247.3638,6779.5,0.394,Sell
1585279289.3693,6779.5,0.123,Buy
1585279303.371,6779.5,0.518,Buy
1585279312.1487,6785.0,0.156,Buy
1585279312.3485,6785.0,0.558,Buy
1585279312.4485,6785.0,0.522,Buy
1585279312.5485,6785.0,0.123,Buy
1585279312.6483,6785.0,0.487,Buy
1585279312.7485,6785.0,0.153,Buy
1585279317.3739,6787.5,0.811,Buy
1585279345.3836,6785.5,4.652,Buy
1585279403.3884,6784.5,0.403,Sell
1585279423.0396,6786.0,0.01,Buy
1585279432.3901,6784.0,0.513,Sell
1585279461.3928,6786.5,0.976,Buy
1585279468.3945,6789.5,0.862,Sell
1585279514.4105,6788.0,0.513,Buy
1585279564.4152,6795.0,0.92,Buy
1585279589.4192,6794.5,0.929,Sell
1585279590.4208,6794.0,0.023,Sell
1585279591.4235,6794.0,0.08,Sell
1585279597.3495,6793.0,0.095,Sell
1585279602.3512,6793.5,2.385,Sell
1585279607.3537,6794.0,1.097,Sell
1585279667.3541,6795.5,0.6,Sell
1585279717.3496,6793.5,0.078,Sell
1585279719.3513,6792.5,0.235,Sell
1585279777.3497,6794.5,0.415,Buy
1585279783.3514,6795.0,0.562,Sell
1585279789.3542,6795.5,0.362,Sell
1585279795.3559,6795.5,0.653,Sell
1585279849.3516,6795.0,0.338,Buy
1585279861.3545,6795.5,2.357,Sell
1585279875.5485,6796.0,0.01,Buy
1585279897.3504,6798.0,3.86,Buy
1585279905.3521,6798.5,0.906,Sell
1585279957.3496,6798.5,0.925,Sell
1585279976.3513,6798.5,0.685,Sell
1585280033.3584,6796.5,0.143,Buy
1585280055.3601,6795.5,3.11,Sell
1585280077.3629,6794.5,2.105,Sell
1585280121.3673,6792.5,0.526,Sell
1585280137.3719,6792.5,0.878,Sell
1585280145.3736,6791.5,0.213,Buy
1585280153.3807,6790.5,0.072,Buy
1585280175.3823,6791.0,0.037,Buy
1585280197.3868,6788.5,0.277,Sell
1585280219.3885,6790.5,0.449,Sell
1585280241.3923,6792.5,0.742,Sell
1585280242.394,6792.5,0.331,Buy
1585280243.3968,6792.5,0.357,Sell
1585280244.3986,6792.5,0.539,Sell
1585280257.3495,6792.5,0.344,Sell
1585280259.3512,6792.5,0.173,Buy
1585280261.3539,6792.5,0.464,Buy
1585280263.3556,6792.5,0.063,Sell
1585280317.3497,6788.5,0.577,Buy
1585280334.3514,6788.0,0.997,Sell
1585280351.3541,6790.0,2.842,Buy
1585280368.3558,6789.5,2.652,Sell
1585280385.3594,6790.0,0.908,Buy
1585280391.3611,6789.5,0.575,Buy
1585280397.3647,6789.5,0.397,Buy
1585280403.3665,6789.5,0.484,Sell
1585280468.6486,6787.0,0.001,Sell
1585280488.8582,6784.0,0.3,Sell
1585280489.4009,6784.0,0.3,Sell
1585280497.3495,6784.5,0.561,Sell
1585280577.3604,6784.0,0.169,Sell
1585280600.3655,6782.5,0.827,Sell
1585280624.3672,6783.5,0.828,Sell
1585280648.3701,6784.0,0.602,Buy
1585280672.3717,6782.0,0.107,Buy
1585280696.3742,6784.0,0.619,Sell
1585280717.3761,6783.0,0.73,Sell
1585280738.379,6784.5,0.409,Buy
1585280759.3808,6785.0,0.789,Sell
1585280780.3834,6786.0,0.074,Sell
1585280795.3851,6788.0,0.107,Sell
1585280822.8486,6793.0,0.2,Buy
1585280825.3898,6795.5,0.624,Sell
1585280840.3979,6795.5,0.457,Sell
1585280861.2906,6795.5,0.05,Sell
1585280868.3996,6795.5,0.621,Sell
1585280886.4598,6798.0,2.411,Buy
1585280886.4598,6797.0,0.02,Buy
1585280886.4598,6796.0,0.069,Buy
1585280896.4035,6797.0,0.613,Sell
1585280952.4111,6797.5,0.407,Sell
1585280963.4129,6797.5,0.471,Sell
1585280974.4157,6797.5,0.295,Sell
1585280995.5216,6798.0,0.02,Buy
1585280996.4255,6798.5,0.378,Buy
1585281017.4272,6798.0,0.631,Sell
1585281020.9305,6798.5,0.234,Buy
1585281024.6702,6796.5,0.164,Buy
1585281038.4301,6795.5,0.671,Sell
1585281059.4319,6793.0,0.837,Sell
1585281080.4344,6793.0,0.105,Sell
1585281184.4448,6797.5,0.513,Sell
1585281194.4522,6797.5,1.026,Sell
1585281194.4522,6797.5,0.513,Sell
1585281217.3495,6794.5,0.869,Buy
1585281220.3513,6793.5,0.937,Sell
1585281223.3539,6794.5,0.584,Buy
1585281226.3557,6793.5,0.181,Buy
1585281229.3594,6794.0,0.761,Sell
1585281279.3542,6796.5,2.554,Sell
1585281279.3542,6796.5,1.971,Sell
1585281280.3559,6794.5,0.607,Sell
1585281280.3559,6794.5,0.001,Sell
1585281337.3496,6797.5,0.012,Buy
1585281339.3513,6797.5,0.039,Sell
1585281341.354,6797.5,0.136,Sell
1585281397.3496,6792.5,0.513,Sell
1585281426.3514,6792.5,3.579,Buy
1585281455.3542,6788.0,0.015,Buy
1585281456.2917,6787.5,0.003,Sell
1585281458.1438,6789.0,0.001,Buy
1585281505.0852,6788.5,0.001,Buy
1585281513.3628,6788.0,0.578,Buy
1585281526.3645,6788.5,0.589,Sell
1585281539.3672,6788.0,0.484,Sell
1585281552.369,6789.5,1.147,Sell
1585281562.0509,6789.5,0.2,Sell
1585281594.3733,6789.5,0.115,Buy
1585281609.7486,6790.0,0.001,Buy
1585281628.0487,6798.0,0.02,Buy
1585281628.0487,6798.0,0.02,Buy
1585281628.1502,6799.0,0.773,Buy
1585281628.1502,6799.0,0.001,Buy
1585281628.2486,6799.0,0.227,Buy
1585281628.3486,6799.5,0.3,Buy
1585281628.4486,6800.0,0.277,Buy
1585281628.4486,6800.0,0.01,Buy
1585281628.4486,6800.0,0.01,Buy
1585281628.4486,6800.0,0.02,Buy
1585281628.5486,6800.0,0.33,Buy
1585281628.6486,6800.0,0.12,Buy
1585281628.7486,6800.0,0.273,Buy
1585281629.2564,6805.5,0.162,Buy
1585281629.2564,6805.0,0.02,Buy
1585281643.1494,6810.0,0.02,Buy
1585281643.1494,6810.0,0.04,Buy
1585281643.1494,6810.0,0.04,Buy
1585281643.2456,6816.0,0.04,Buy
1585281644.3727,6814.0,0.134,Buy
1585281652.3779,6813.0,0.927,Buy
1585281681.3805,6814.5,0.748,Sell
1585281690.3821,6814.5,0.521,Buy
1585281708.3865,6813.0,0.629,Sell
1585281717.3902,6814.5,0.048,Sell
1585281720.392,6814.5,0.23,Sell
1585281723.3947,6814.5,0.294,Sell
1585281726.3963,6813.5,0.446,Buy
1585281729.4004,6812.0,3.228,Sell
1585281767.3512,6813.0,0.395,Sell
1585281771.0057,6812.5,0.025,Sell
1585281777.354,6813.5,3.616,Sell
1585281787.3557,6813.5,0.421,Sell
1585281817.3503,6811.5,0.118,Sell
1585281825.0374,6811.0,0.134,Sell
1585281897.3586,6812.0,0.103,Sell
1585281902.1485,6812.5,0.255,Buy
1585281902.2485,6812.5,0.145,Buy
1585281902.4486,6814.0,0.4,Buy
1585281902.5486,6815.0,0.02,Buy
1585281945.3631,6816.5,0.777,Sell
1585281951.0632,6816.0,0.3,Sell
1585281961.249,6817.0,0.5,Buy
1585281969.3648,6819.5,0.39,Sell
1585281976.0859,6820.0,0.005,Buy
1585281976.0859,6820.0,0.04,Buy
1585281976.0859,6820.0,0.04,Buy
1585282007.3691,6819.5,4.228,Sell
1585282007.3691,6819.5,0.4,Sell
1585282009.0487,6820.0,0.395,Buy
1585282009.7033,6821.5,0.02,Sell
1585282021.372,6821.5,3.088,Sell
1585282035.3738,6821.5,2.745,Sell
1585282049.3807,6821.5,0.622,Sell
1585282084.8487,6821.0,0.179,Sell
1585282084.9485,6821.0,0.221,Sell
1585282087.7069,6812.0,0.03,Buy
1585282103.385,6813.0,4.139,Buy
1585282128.7945,6816.5,1.0,Sell
1585282130.3867,6817.0,0.188,Sell
1585282144.363,6814.0,0.4,Buy
1585282157.3893,6812.0,0.043,Buy
1585282167.391,6814.0,0.993,Sell
1585282173.4214,6815.5,0.154,Buy
1585282177.3939,6814.0,0.765,Buy
1585282184.2346,6815.5,0.037,Buy
1585282198.5543,6815.5,0.018,Buy
1585282217.4,6813.0,0.754,Sell
1585282221.0782,6812.0,0.03,Sell
1585282237.4029,6812.0,0.466,Buy
1585282257.4046,6818.0,0.767,Sell
1585282277.409,6816.5,0.49,Sell
1585282279.4108,6816.5,3.891,Buy
1585282281.4137,6817.0,0.519,Sell
1585282283.4155,6817.5,0.946,Buy
1585282285.4194,6817.0,0.99,Sell
1585282311.43,6814.5,0.9,Sell
1585282331.4317,6813.5,0.551,Sell
1585282382.0486,6811.0,0.14,Sell
1585282386.8484,6811.0,0.126,Sell
1585282386.8484,6811.0,0.27,Sell
1585282386.9486,6811.0,0.13,Sell
1585282391.4396,6810.5,0.556,Sell
1585282400.4413,6811.0,0.457,Buy
1585282409.4463,6811.0,0.092,Sell
1585282418.4481,6812.5,0.331,Sell
1585282502.2267,6811.0,1.175,Buy
1585282502.2267,6810.5,6.792,Buy
1585282502.2267,6811.0,2.033,Buy
1585282519.3538,6811.5,4.019,Sell
1585282529.4417,6812.5,0.5,Sell
1585282540.3555,6813.5,0.926,Buy
1585282549.0405,6814.0,0.048,Sell
1585282568.3607,6814.5,0.092,Sell
1585282571.3134,6819.0,0.017,Buy
1585282571.3134,6815.0,0.05,Buy
1585282575.3635,6818.5,0.002,Sell
1585282589.3693,6818.5,0.225,Sell
1585282633.3757,6818.5,1.241,Sell
1585282633.3757,6818.5,0.225,Sell
1585282661.3783,6816.0,4.471,Sell
1585282689.3801,6821.5,0.883,Sell
1585282717.3877,6814.5,0.771,Buy
1585282747.3922,6819.0,0.528,Buy
1585282788.3981,6814.0,3.748,Buy
1585282799.4009,6818.5,0.935,Buy
1585282810.4026,6815.5,0.36,Sell
1585282854.3512,6817.5,0.57,Buy
1585282871.354,6818.0,0.692,Sell
1585282888.3557,6817.5,0.475,Sell
1585282905.3582,6817.5,0.403,Sell
1585282916.2487,6817.0,0.001,Sell
1585282957.3495,6814.5,0.325,Sell
1585282969.3513,6815.5,0.18,Buy
1585282981.3539,6814.0,0.046,Buy
1585282989.5886,6813.0,0.001,Sell
1585282993.3556,6812.5,0.268,Sell
1585283017.3495,6812.5,2.63,Sell
1585283017.3495,6812.5,2.039,Sell
1585283028.3511,6812.0,0.519,Sell
1585283077.3495,6803.5,0.332,Sell
1585283085.354,6805.0,0.253,Buy
1585283103.6317,6803.5,0.122,Sell
1585283112.7317,6803.0,0.107,Sell
1585283133.3254,6801.5,0.234,Sell
1585283137.3495,6801.0,0.741,Sell
1585283141.3512,6799.5,0.593,Sell
1585283145.354,6798.5,0.295,Buy
1585283149.3557,6799.5,0.449,Sell
1585283153.3596,6798.5,0.149,Sell
1585283218.3516,6800.5,0.461,Sell
1585283246.5186,6804.0,0.1,Sell
1585283288.3675,6802.5,0.315,Sell
1585283295.3703,6802.5,0.921,Sell
1585283302.372,6802.5,0.258,Buy
1585283317.3496,6801.5,0.178,Buy
1585283320.3513,6801.5,0.637,Sell
1585283323.3541,6801.5,0.102,Sell
1585283377.3494,6802.0,0.679,Sell
1585283391.3511,6801.0,0.382,Sell
1585283405.3537,6801.0,0.895,Sell
1585283419.3554,6800.5,0.791,Sell
1585283455.3512,6801.0,0.739,Sell
1585283473.0486,6798.0,0.001,Sell
1585283509.3584,6790.0,0.111,Sell
1585283510.36,6790.5,0.272,Sell
1585283511.3627,6790.5,0.5,Sell
1585283512.3644,6790.5,0.155,Sell
1585283525.1127,6788.0,0.399,Sell
1585283525.1127,6789.5,0.001,Sell
1585283527.247,6788.5,6.0,Sell
1585283547.8334,6790.0,0.3,Sell
1585283557.3499,6790.5,1.815,Sell
1585283611.1097,6791.0,0.012,Sell
1585283620.3559,6789.5,0.087,Sell
1585283641.3628,6789.5,4.167,Sell
1585283646.3645,6788.5,0.083,Sell
1585283651.368,6789.0,0.342,Sell
1585283656.3698,6790.5,0.207,Sell
1585283677.3495,6785.5,4.55,Buy
1585283701.3513,6782.5,0.176,Sell
1585283725.354,6778.5,0.1,Sell
1585283725.354,6778.5,0.693,Sell
1585283730.0487,6778.0,0.4,Sell
1585283749.3558,6777.0,0.092,Buy
1585283750.2694,6776.5,0.5,Sell
1585283761.2418,6778.0,0.239,Sell
1585283765.6999,6777.5,0.009,Sell
1585283773.3626,6779.5,0.987,Sell
1585283776.3642,6779.0,0.765,Sell
1585283779.3671,6779.5,0.449,Buy
1585283782.3688,6779.5,0.437,Sell
1585283797.3942,6779.5,0.927,Sell
1585283802.2549,6780.0,0.4,Buy
1585283802.3959,6782.5,0.776,Sell
1585283807.3987,6781.0,0.676,Sell
1585283812.4005,6782.5,3.993,Sell
1585283819.5485,6783.0,0.116,Buy
1585283819.8486,6783.0,0.284,Buy
1585283819.8486,6783.0,0.053,Buy
1585283843.6571,6784.0,0.1,Buy
1585283857.3496,6781.5,0.142,Sell
1585283881.3513,6781.5,0.659,Buy
1585283905.354,6781.5,0.471,Sell
1585283929.3557,6781.5,0.914,Sell
1585283953.3627,6780.5,4.499,Sell
1585283961.2318,6780.5,0.058,Sell
1585283971.2487,6780.0,0.1,Sell
1585283971.3486,6780.0,0.3,Sell
1585283971.7487,6777.5,0.5,Sell
1585283977.3694,6776.5,2.949,Buy
1585283987.121,6775.5,0.174,Sell
1585283987.379,6776.0,0.994,Sell
1585283989.3818,6775.5,0.817,Buy
1585283993.5253,6775.0,0.001,Sell
1585283993.5253,6774.0,0.099,Sell
1585284067.3539,6775.5,0.726,Buy
1585284113.0919,6776.0,0.1,Buy
1585284115.3645,6775.5,0.588,Sell
1585284127.8487,6776.0,0.224,Buy
1585284127.9493,6776.0,0.076,Buy
1585284133.3673,6781.5,2.096,Sell
1585284151.3691,6780.5,0.179,Buy
1585284165.6842,6781.0,2.0,Buy
1585284169.3718,6781.5,0.935,Sell
1585284189.3735,6781.5,0.924,Sell
1585284198.7617,6781.5,0.5,Sell
1585284224.4262,6778.5,2.0,Sell
1585284229.3779,6777.5,0.739,Sell
1585284249.3828,6779.0,0.46,Sell
1585284264.3881,6779.0,0.697,Sell
1585284265.39,6779.0,0.425,Sell
1585284266.3929,6779.5,0.409,Sell
1585284293.3514,6777.5,0.941,Buy
1585284309.3541,6774.5,0.381,Buy
1585284325.3558,6774.5,0.295,Buy
1585284341.3596,6775.5,0.625,Sell
1585284357.3613,6774.5,0.647,Sell
1585284393.7033,6775.0,2.0,Sell
1585284394.1109,6774.5,0.806,Sell
1585284394.1109,6775.0,5.194,Sell
1585284428.6485,6774.0,0.396,Sell
1585284428.6485,6774.0,0.057,Sell
1585284428.7494,6773.0,0.4,Sell
1585284445.377,6770.5,0.884,Sell
1585284445.377,6770.5,0.256,Sell
1585284497.3876,6760.5,0.93,Sell
1585284497.3928,6760.0,0.177,Sell
1585284498.4486,6760.0,0.679,Sell
1585284498.5486,6760.0,0.144,Sell
1585284509.3905,6758.0,0.687,Buy
1585284522.3426,6762.5,0.05,Sell
1585284533.396,6759.0,1.046,Sell
1585284569.4005,6762.5,0.017,Sell
1585284587.4022,6763.0,0.689,Sell
1585284605.4092,6762.5,0.05,Buy
1585284621.4109,6763.5,0.583,Buy
1585284637.4156,6762.5,0.463,Buy
1585284653.4174,6763.5,0.983,Sell
1585284669.42,6764.0,0.822,Sell
1585284670.4218,6763.5,4.734,Buy
1585284671.4244,6763.5,0.938,Buy
1585284672.4262,6763.5,2.451,Buy
1585284697.3496,6764.5,2.944,Buy
1585284710.3847,6768.5,1.5,Buy
1585284724.3514,6772.0,0.493,Sell
1585284732.9828,6771.5,0.4,Buy
1585284751.3542,6772.5,0.362,Buy
1585284753.9934,6772.0,0.005,Sell
1585284759.4444,6770.5,0.002,Sell
1585284762.6508,6770.0,0.005,Sell
1585284788.3433,6775.0,2.17,Buy
1585284788.3433,6774.5,7.83,Buy
1585284805.3608,6774.5,0.072,Sell
1585284829.3723,6774.5,0.057,Sell
1585284835.3751,6774.5,0.857,Sell
1585284835.3751,6774.5,0.015,Sell
1585284841.3769,6773.5,0.366,Buy
1585284899.3513,6776.0,0.09,Sell
1585284921.3542,6775.5,0.542,Sell
1585284940.617,6776.5,0.396,Buy
1585284940.617,6776.0,1.604,Buy
1585284943.3559,6775.5,0.541,Buy
1585284965.364,6772.5,0.42,Sell
1585284982.5203,6772.5,0.675,Buy
1585285007.3684,6771.5,0.804,Buy
1585285028.3702,6769.5,0.884,Buy
1585285049.375,6766.5,0.164,Sell
1585285071.3767,6765.5,0.193,Sell
1585285074.9485,6765.0,0.038,Sell
1585285084.7493,6763.0,0.1,Sell
1585285086.1494,6761.0,0.02,Sell
1585285086.2486,6760.0,0.149,Sell
1585285086.3486,6760.0,0.011,Sell
1585285093.3795,6756.0,4.753,Buy
1585285102.0486,6755.0,0.02,Sell
1585285102.1486,6754.0,0.1,Sell
1585285102.3173,6745.0,0.034,Sell
1585285102.3173,6744.0,0.641,Sell
1585285103.3725,6741.5,4.95,Sell
1585285103.3725,6742.0,0.05,Sell
1585285115.3812,6736.5,0.791,Sell
1585285119.3824,6738.5,0.1,Buy
1585285129.8631,6732.5,0.5,Buy
1585285129.8821,6732.5,0.028,Buy
1585285137.3899,6735.5,0.385,Sell
1585285171.3945,6741.5,2.15,Sell
1585285188.3962,6738.0,0.696,Sell
1585285205.4044,6739.0,0.24,Buy
1585285227.406,6740.0,0.712,Sell
1585285249.4086,6740.0,0.833,Sell
1585285271.4103,6739.0,0.729,Buy
1585285273.1486,6737.0,0.77,Sell
1585285273.2487,6737.0,0.03,Sell
1585285277.8486,6735.0,0.001,Sell
1585285293.4131,6728.0,0.443,Sell
1585285300.1486,6725.0,0.022,Sell
1585285300.1536,6720.0,0.001,Sell
1585285307.0355,6715.0,0.2,Sell
1585285316.2463,6704.5,0.1,Sell
1585285316.4148,6704.0,0.049,Buy
1585285318.2287,6702.5,0.1,Buy
1585285329.9494,6700.0,0.775,Sell
1585285329.9545,6693.5,1.148,Sell
1585285329.9545,6694.0,1.566,Sell
1585285329.9545,6694.0,1.091,Sell
1585285329.9545,6694.0,5.608,Sell
1585285329.9545,6694.0,3.06,Sell
1585285329.9545,6698.0,0.02,Sell
1585285329.9545,6698.0,0.028,Sell
1585285329.9545,6700.0,0.225,Sell
1585285329.9545,6693.5,0.277,Sell
1585285329.9545,6693.5,4.287,Sell
1585285329.9545,6693.5,2.69,Sell
1585285329.9546,6693.5,0.35,Sell
1585285329.9548,6700.5,0.014,Buy
1585285332.2486,6688.0,0.01,Sell
1585285332.2486,6688.0,0.03,Sell
1585285335.4486,6685.0,0.381,Sell
1585285335.5487,6685.0,0.323,Sell
1585285335.6486,6685.0,0.296,Sell
1585285336.4844,6679.5,0.15,Sell
1585285336.8486,6670.0,0.025,Sell
1585285337.5972,6665.0,0.764,Sell
1585285337.5972,6666.0,0.036,Sell
1585285339.4182,6653.5,0.121,Buy
1585285339.429,6652.0,0.435,Sell
1585285340.2965,6648.5,0.704,Sell
1585285340.2965,6649.0,2.686,Sell
1585285340.2965,6648.5,1.61,Sell
1585285341.5017,6647.5,0.15,Sell
1585285351.1363,6669.5,1.0,Buy
1585285357.0841,6667.5,0.1,Buy
1585285362.4199,6671.5,0.07,Sell
1585285363.7065,6675.0,1.0,Buy
1585285385.4286,6643.0,0.188,Buy
1585285395.024,6628.5,0.211,Sell
1585285395.024,6630.5,0.003,Sell
1585285410.4337,6651.0,4.996,Buy
1585285414.8415,6652.0,0.15,Buy
1585285421.083,6662.5,1.377,Buy
1585285421.083,6663.0,1.758,Buy
1585285421.083,6663.5,2.203,Buy
1585285421.083,6664.5,0.523,Buy
1585285421.083,6662.0,4.386,Buy
1585285421.083,6664.5,4.455,Buy
1585285421.083,6662.5,2.138,Buy
1585285421.083,6661.5,6.151,Buy
1585285432.4082,6654.5,0.05,Buy
1585285435.4353,6657.5,0.309,Sell
1585285440.0007,6661.0,0.3,Buy
1585285445.5984,6660.5,0.5,Buy
1585285460.4386,6667.5,0.199,Sell
1585285460.6333,6668.0,0.005,Buy
1585285476.1471,6671.5,0.1,Buy
1585285485.4404,6671.0,0.019,Sell
1585285486.7776,6671.5,0.5,Sell
1585285487.6723,6672.5,0.4,Buy
1585285510.4478,6668.0,0.886,Sell
1585285512.4525,6665.5,2.212,Sell
1585285533.0487,6661.0,0.52,Sell
1585285533.1539,6661.0,0.124,Sell
1585285533.2511,6661.0,0.258,Sell
1585285533.3485,6661.0,0.098,Sell
1585285537.3503,6656.0,0.378,Sell
1585285543.3549,6652.5,0.507,Sell
1585285546.3567,6650.5,0.44,Sell
1585285548.9487,6650.0,0.1,Sell
1585285557.2487,6629.0,0.628,Sell
1585285557.3487,6629.0,2.372,Sell
1585285564.7427,6640.5,0.005,Buy
1585285592.4898,6652.5,0.3,Buy
1585285595.8981,6644.5,0.237,Buy
1585285597.3498,6643.5,4.575,Buy
1585285602.7019,6645.0,0.1,Sell
1585285602.7019,6644.0,2.844,Sell
1585285602.7019,6644.0,0.958,Sell
1585285610.3515,6644.0,0.193,Sell
1585285623.3543,6651.0,0.978,Buy
1585285623.7738,6650.0,6.462,Sell
1585285623.7738,6649.5,1.54,Sell
1585285624.0453,6652.5,0.613,Buy
1585285628.3888,6654.5,0.175,Buy
1585285636.3559,6652.5,0.411,Sell
1585285638.9485,6652.0,0.1,Sell
1585285640.2492,6649.0,0.1,Sell
1585285657.3497,6642.5,0.696,Sell
1585285658.3514,6640.5,0.076,Buy
1585285659.3541,6643.0,0.356,Buy
1585285660.3558,6644.5,0.019,Sell
1585285670.3486,6642.0,0.016,Sell
1585285690.4229,6659.5,0.01,Buy
1585285717.3497,6659.5,2.155,Buy
1585285735.3514,6666.5,0.125,Sell
1585285751.1486,6662.5,0.053,Sell
1585285771.3559,6666.5,0.185,Sell
1585285789.3587,6665.5,0.831,Buy
1585285827.3633,6661.0,0.175,Sell
1585285833.7338,6662.0,5.0,Buy
1585285836.4567,6661.5,0.1,Sell
1585285846.365,6660.5,2.232,Sell
1585285857.4887,6657.5,0.005,Buy
1585285862.0454,6661.0,0.001,Buy
1585285865.3675,6657.0,2.739,Buy
1585285866.2744,6658.0,1.0,Sell
1585285868.3693,6658.0,0.907,Buy
1585285871.3721,6656.5,0.205,Sell
1585285877.3777,6656.0,0.955,Sell
1585285899.0367,6652.0,5.618,Sell
1585285899.0367,6652.0,4.382,Sell
1585285905.3794,6653.0,0.384,Sell
1585285906.233,6653.5,5.0,Buy
1585285921.5467,6659.0,0.886,Buy
1585285933.3887,6653.5,0.476,Sell
1585285950.6488,6654.5,0.718,Buy
1585285950.7485,6654.5,0.652,Buy
1585285950.8485,6654.5,0.927,Buy
1585285950.9486,6654.5,0.729,Buy
1585285951.0486,6654.5,0.208,Buy
1585285951.1486,6654.5,0.957,Buy
1585285960.3904,6660.0,0.781,Sell
1585285987.3933,6661.5,1.4,Sell
1585286041.4001,6658.5,0.225,Buy
1585286045.4018,6656.5,0.716,Buy
1585286049.4067,6656.5,0.578,Sell
1585286061.4084,6655.5,0.946,Sell
1585286073.411,6656.0,0.463,Sell
1585286085.4127,6654.0,0.844,Buy
1585286097.4162,6647.0,2.553,Buy
1585286112.4179,6652.5,0.054,Buy
1585286127.4207,6667.5,0.434,Sell
1585286142.4224,6664.5,0.776,Sell
1585286166.2155,6668.5,3.59,Sell
1585286183.4266,6676.0,0.755,Sell
1585286198.8429,6666.0,0.704,Sell
1585286209.4293,6663.5,0.387,Sell
1585286214.0137,6665.5,2.0,Sell
1585286228.5006,6662.0,0.05,Sell
1585286261.4337,6669.0,0.881,Buy
1585286276.4355,6665.5,0.537,Sell
1585286287.9457,6667.0,0.4,Buy
1585286289.8388,6666.0,2.429,Sell
1585286291.4383,6667.0,0.672,Sell
1585286321.4428,6665.5,0.103,Sell
1585286327.4446,6664.5,0.719,Buy
1585286329.0008,6665.0,5.0,Buy
1585286339.0402,6666.0,0.08,Buy
1585286339.0402,6669.0,0.02,Buy
1585286339.449,6668.5,0.997,Sell
1585286352.7604,6667.0,3.346,Sell
1585286352.7604,6667.0,2.654,Sell
1585286379.3539,6666.5,0.267,Sell
1585286380.3556,6666.5,0.936,Sell
1585286381.3595,6666.5,0.205,Sell
1585286381.3595,6666.5,0.002,Sell
1585286399.3611,6666.5,0.017,Sell
1585286418.8988,6667.0,0.02,Buy
1585286437.3496,6667.0,0.671,Sell
1585286465.3514,6666.5,0.017,Sell
1585286465.3514,6666.5,0.19,Sell
1585286465.3514,6666.5,0.518,Sell
1585286477.8441,6661.5,0.324,Sell
1585286493.3541,6664.5,0.258,Sell
1585286521.3559,6662.5,0.91,Sell
1585286543.8335,6659.5,0.64,Buy
1585286543.8335,6660.0,1.015,Buy
1585286543.8335,6660.0,0.7,Buy
1585286543.8335,6660.5,1.12,Buy
1585286543.8335,6660.5,0.472,Buy
1585286543.8335,6661.0,0.189,Buy
1585286543.8335,6659.5,1.277,Buy
1585286543.8335,6659.0,3.566,Buy
1585286543.8335,6658.5,3.206,Buy
1585286543.8335,6658.0,3.61,Buy
1585286543.8335,6658.5,1.205,Buy
1585286549.3585,6655.5,0.439,Buy
1585286577.3602,6656.5,4.671,Sell
1585286591.0849,6659.5,2.0,Buy
1585286593.4204,6658.5,0.635,Sell
1585286628.0963,6654.0,0.3,Sell
1585286640.0018,6656.5,1.356,Sell
1585286661.3673,6653.0,0.508,Buy
1585286669.3719,6655.5,0.854,Buy
1585286673.3736,6656.0,0.451,Sell
1585286677.3807,6655.5,0.687,Sell
1585286686.1818,6654.0,0.01,Buy
1585286704.3824,6651.0,0.824,Buy
1585286731.3852,6654.0,0.367,Buy
1585286758.387,6651.0,0.287,Sell
1585286785.3907,6655.5,0.044,Buy
1585286795.3951,6656.0,0.574,Buy
1585286800.3968,6664.5,2.062,Buy
1585286805.4039,6662.0,1.929,Sell
1585286809.4056,6659.5,0.136,Buy
1585286813.4084,6659.0,0.866,Sell
1585286817.4102,6660.5,0.676,Buy
1585286857.3497,6664.0,0.379,Sell
1585286869.0944,6664.5,0.682,Buy
1585286873.9769,6664.0,0.097,Buy
1585286884.3513,6663.5,0.821,Sell
1585286916.2739,6672.5,2.0,Buy
1585286922.0086,6672.0,5.0,Buy
1585286938.3557,6673.0,0.139,Buy
1585286965.3639,6666.5,0.575,Buy
1585286978.3656,6668.0,0.059,Buy
1585286991.3683,6668.5,0.407,Sell
1585287017.3726,6661.5,0.403,Buy
1585287037.3743,6663.5,0.574,Buy
1585287057.3772,6667.5,0.408,Buy
1585287077.3789,6666.0,0.028,Buy
1585287097.3868,6666.5,2.889,Sell
1585287107.3885,6664.0,0.141,Sell
1585287117.3912,6665.5,0.313,Sell
1585287127.3929,6666.0,0.445,Buy
1585287157.3495,6666.5,0.026,Sell
1585287165.3512,6664.5,0.207,Sell
1585287171.8076,6665.5,0.713,Sell
1585287173.3539,6667.0,0.996,Sell
1585287178.7501,6667.0,0.009,Sell
1585287181.3555,6666.5,0.61,Sell
1585287229.3512,6671.5,2.519,Buy
1585287241.3539,6671.5,0.25,Sell
1585287253.3556,6670.5,0.565,Sell
1585287277.3496,6671.5,0.234,Sell
1585287287.3513,6671.5,0.093,Sell
1585287297.354,6674.0,0.378,Sell
1585287337.3496,6675.5,0.941,Sell
1585287357.2686,6677.0,0.1,Buy
1585287389.3542,6666.5,0.822,Buy
1585287415.3559,6669.5,0.596,Buy
1585287441.3629,6675.0,0.634,Buy
1585287449.3647,6674.5,0.043,Buy
1585287456.7358,6674.0,3.388,Buy
1585287457.3674,6673.5,0.725,Sell
1585287498.3747,6672.5,0.212,Sell
1585287523.3776,6674.5,0.081,Sell
1585287561.3143,6670.0,0.1,Sell
1585287569.9282,6667.0,0.237,Sell
1585287573.3875,6666.5,0.383,Sell
1585287580.3892,6667.0,0.514,Buy
1585287587.392,6667.5,0.429,Buy
1585287594.3938,6667.0,0.117,Sell
1585287601.402,6667.0,0.98,Buy
1585287616.8485,6666.0,0.05,Sell
1585287617.5431,6660.5,0.09,Sell
1585287658.517,6659.5,1.0,Sell
1585287676.4869,6659.5,0.05,Buy
1585287679.4082,6660.0,0.088,Sell
1585287681.433,6659.5,1.525,Sell
1585287681.433,6659.0,0.475,Sell
1585287699.8916,6659.0,0.078,Sell
1585287699.8916,6659.5,2.171,Sell
1585287705.4122,6659.5,0.564,Sell
1585287706.4139,6660.0,0.689,Buy
1585287707.4187,6660.0,0.116,Sell
1585287719.8589,6659.5,0.564,Sell
1585287726.4203,6658.0,0.757,Sell
1585287731.5438,6655.0,0.036,Sell
1585287743.4603,6657.0,0.509,Sell
1585287745.4238,6657.5,0.887,Sell
1585287764.4255,6654.5,0.832,Sell
1585287783.4299,6653.5,0.881,Buy
1585287789.4316,6653.5,0.757,Sell
1585287795.4344,6658.0,0.244,Sell
1585287817.3497,6656.5,0.978,Buy
1585287844.3515,6655.0,0.129,Buy
1585287857.1792,6656.5,0.001,Buy
1585287871.3543,6656.0,0.762,Sell
1585287925.3587,6666.0,0.677,Sell
1585287930.3604,6663.5,0.518,Sell
1585287935.3632,6663.5,0.839,Buy
1585287940.365,6665.5,0.975,Buy
1585287940.8305,6666.5,2.249,Buy
1585287941.1127,6666.5,0.43,Buy
1585287941.1127,6666.5,1.819,Buy
1585287945.3727,6665.0,0.162,Sell
1585287948.6086,6663.0,1.5,Sell
1585287948.6086,6663.0,0.749,Sell
1585287948.8834,6663.0,1.3,Sell
1585287948.8834,6663.0,0.949,Sell
1585287960.3744,6665.0,4.424,Buy
1585287975.3772,6667.0,0.464,Sell
1585287990.3788,6663.5,0.673,Sell
1585288005.3815,6657.5,0.69,Sell
1585288034.3831,6657.0,0.932,Sell
1585288063.3861,6656.0,0.821,Sell
1585288083.8099,6653.5,2.228,Sell
1585288083.8099,6654.0,2.772,Sell
1585288092.3879,6655.5,0.685,Sell
1585288095.0697,6654.0,7.83,Sell
1585288095.0697,6653.5,2.17,Sell
1585288121.3915,6655.0,0.621,Sell
1585288142.3932,6654.5,0.095,Sell
1585288163.3967,6655.0,0.592,Sell
1585288170.7294,6655.0,0.048,Buy
1585288191.8487,6650.0,0.1,Sell
1585288191.9486,6650.0,0.02,Sell
1585288192.0486,6649.5,0.543,Sell
1585288192.1487,6649.5,0.024,Sell
1585288205.4056,6643.5,0.796,Buy
1585288205.4111,6643.0,0.197,Sell
1585288206.7016,6643.0,0.031,Sell
1585288217.8486,6641.0,0.1,Sell
1585288220.4073,6635.0,4.822,Buy
1585288235.4102,6633.0,0.904,Buy
1585288250.2273,6643.5,0.699,Buy
1585288250.2273,6643.5,2.66,Buy
1585288250.2273,6643.0,6.015,Buy
1585288250.2273,6642.5,7.526,Buy
1585288250.2273,6640.0,0.1,Buy
1585288250.4118,6642.5,0.821,Buy
1585288255.2039,6642.5,0.1,Buy
1585288265.4145,6636.0,0.922,Sell
1585288266.1379,6635.0,1.131,Sell
1585288266.1379,6635.0,0.149,Sell
1585288266.1379,6635.0,0.407,Sell
1585288266.1379,6635.5,3.313,Sell
1585288271.9509,6630.0,2.722,Sell
1585288271.9509,6629.5,0.086,Sell
1585288271.9509,6629.5,2.192,Sell
1585288273.6419,6631.0,5.0,Sell
1585288284.4163,6636.0,3.31,Sell
1585288294.2784,6631.0,0.05,Sell
1585288302.5486,6630.0,0.015,Sell
1585288303.222,6624.0,0.887,Sell
1585288303.4192,6624.5,0.596,Sell
1585288310.5362,6616.5,3.625,Sell
1585288310.5362,6616.5,1.375,Sell
1585288310.5413,6616.5,0.5,Sell
1585288322.4209,6635.0,0.66,Buy
1585288328.0567,6634.5,3.33,Sell
1585288329.1998,6635.0,2.0,Buy
1585288349.4309,6631.5,0.879,Sell
1585288357.4337,6631.5,0.678,Buy
1585288365.4355,6634.0,0.663,Buy
1585288373.4381,6634.0,0.804,Sell
1585288382.4399,6632.5,0.682,Buy
1585288391.3011,6640.5,0.699,Sell
1585288391.4428,6640.0,0.652,Buy
1585288395.5858,6639.0,0.025,Sell
1585288400.4445,6640.5,0.485,Sell
1585288417.3495,6637.0,0.389,Buy
1585288423.3512,6631.5,0.286,Sell
1585288429.3539,6632.5,0.602,Sell
1585288435.3556,6633.0,1.423,Sell
1585288477.3496,6634.5,1.541,Buy
1585288494.3513,6641.5,0.796,Sell
1585288511.354,6641.5,0.949,Buy
1585288528.3556,6647.0,0.785,Buy
1585288543.8192,6649.0,0.12,Buy
1585288545.3639,6647.0,0.108,Sell
1585288557.3655,6648.5,0.987,Sell
1585288569.3684,6645.5,0.346,Sell
1585288597.3496,6642.5,0.9,Sell
1585288599.354,6640.5,0.27,Sell
1585288600.3557,6640.5,0.233,Sell
1585288657.3496,6640.0,0.758,Buy
1585288667.2798,6643.5,1.0,Buy
1585288678.3514,6644.0,0.9,Buy
1585288720.3557,6652.0,0.56,Sell
1585288741.3626,6648.5,0.253,Sell
1585288767.3643,6648.0,0.807,Sell
1585288770.7336,6648.0,1.517,Buy
1585288788.8233,6654.0,0.002,Buy
1585288793.3671,6653.0,0.88,Buy
1585288807.3143,6655.0,0.552,Buy
1585288807.3143,6655.0,3.639,Buy
1585288807.3143,6654.5,3.414,Buy
1585288807.3143,6654.0,6.449,Buy
1585288819.3689,6640.5,0.747,Sell
1585288845.3769,6640.5,0.978,Buy
1585288861.9872,6640.5,0.1,Buy
1585288863.3485,6640.0,0.141,Sell
1585288863.3814,6638.0,0.834,Sell
1585288872.3831,6640.0,0.138,Sell
1585288876.0678,6645.5,0.1,Buy
1585288897.3497,6646.5,0.445,Sell
1585288915.3513,6645.5,0.102,Buy
1585288933.354,6645.0,0.511,Sell
1585288935.0921,6645.5,0.05,Buy
1585288951.3557,6643.5,0.255,Buy
1585288969.3597,6650.5,0.83,Sell
1585288982.3615,6647.5,0.972,Sell
1585288983.3589,6648.5,5.0,Buy
1585288995.3664,6649.5,0.402,Sell
1585289016.4411,6648.0,0.134,Buy
1585289024.3681,6648.5,2.49,Sell
1585289032.2963,6648.0,0.1,Buy
1585289053.371,6652.5,0.477,Sell
1585289082.3727,6654.0,0.76,Buy
1585289111.3766,6658.5,0.657,Buy
1585289120.3815,6659.0,0.117,Sell
1585289135.3832,6658.5,0.722,Sell
1585289150.386,6657.5,0.001,Sell
1585289165.3877,6658.0,1.081,Sell
1585289180.3925,6657.0,0.708,Sell
1585289188.3977,6656.0,0.171,Sell
1585289245.404,6657.0,0.177,Sell
1585289264.4076,6657.5,0.215,Sell
1585289283.6485,6658.0,0.934,Buy
1585289283.7486,6658.0,0.066,Buy
1585289288.4121,6664.0,0.203,Buy
1585289300.4138,6665.5,0.358,Sell
1585289305.5743,6666.0,2.249,Buy
1585289306.0462,6665.5,2.249,Buy
1585289317.3497,6661.5,0.479,Buy
1585289324.0035,6662.0,2.249,Sell
1585289324.4257,6662.0,2.249,Sell
1585289328.3513,6662.0,0.221,Sell
1585289339.3542,6662.5,0.032,Sell
1585289393.3513,6664.5,0.245,Sell
1585289409.3545,6660.0,0.048,Sell
1585289419.5416,6663.5,0.239,Buy
1585289441.3602,6657.0,0.322,Sell
1585289444.3661,6657.5,0.12,Buy
1585289452.3678,6656.5,0.408,Buy
1585289458.0719,6656.0,0.001,Buy
1585289460.3706,6654.0,0.745,Sell
1585289497.3496,6655.5,0.898,Buy
1585289509.9744,6655.5,0.001,Sell
1585289522.3513,6656.5,0.397,Sell
1585289597.3581,6659.5,0.418,Sell
1585289598.3598,6659.5,4.868,Sell
1585289601.3683,6660.5,3.738,Sell
1585289639.3778,6660.5,2.523,Sell
1585289656.9128,6660.5,1.215,Sell
1585289656.9128,6658.5,3.785,Sell
1585289677.3496,6659.5,0.108,Sell
1585289692.3512,6660.0,0.057,Sell
1585289707.3539,6660.5,0.801,Buy
1585289722.3557,6663.5,0.498,Sell
1585289736.0789,6670.0,0.02,Buy
1585289736.0789,6672.0,0.98,Buy
1585289737.3594,6668.0,0.913,Sell
1585289738.361,6668.0,0.774,Sell
1585289739.365,6669.5,0.17,Buy
1585289740.3668,6668.5,0.17,Buy
1585289797.3495,6661.0,0.605,Sell
1585289824.3513,6662.5,2.419,Sell
1585289851.354,6661.5,4.675,Buy
1585289874.3484,6662.0,0.584,Buy
1585289878.3557,6662.5,0.423,Buy
1585289905.3583,6662.0,0.459,Sell
1585289916.36,6662.0,0.461,Sell
1585289938.3647,6663.5,0.828,Sell
1585289949.373,6662.5,0.03,Sell
1585289967.3772,6663.0,0.726,Sell
1585289985.3828,6663.5,0.117,Sell
1585289996.3879,6663.5,0.186,Sell
1585289996.3879,6663.5,0.117,Sell
1585290002.2988,6664.0,0.027,Buy
1585290020.3896,6666.5,4.055,Sell
1585290068.3941,6668.0,0.408,Buy
1585290092.3967,6668.0,0.227,Sell
1585290094.4009,6668.0,0.274,Sell
1585290097.3495,6668.0,0.085,Sell
1585290106.3512,6668.5,0.537,Sell
1585290115.3538,6668.0,0.723,Sell
1585290157.3495,6670.0,4.391,Sell
1585290166.3512,6669.5,0.365,Sell
1585290175.3539,6671.0,0.967,Buy
1585290184.3556,6670.5,0.817,Buy
1585290217.3495,6664.5,0.618,Sell
1585290226.3512,6666.5,0.854,Sell
1585290277.3495,6658.5,0.465,Sell
1585290282.8538,6658.0,0.07,Sell
1585290306.3512,6661.0,0.091,Buy
1585290364.3574,6668.5,3.126,Buy
1585290372.135,6670.0,0.026,Buy
1585290378.5486,6670.0,0.116,Buy
1585290393.36,6673.5,0.826,Sell
1585290402.3617,6671.5,4.002,Sell
1585290411.3645,6671.0,0.065,Buy
1585290429.3733,6673.5,0.712,Sell
1585290431.7485,6674.0,0.272,Buy
1585290431.8487,6674.0,0.433,Buy
1585290432.3751,6679.0,0.641,Sell
1585290435.3783,6687.0,0.826,Sell
1585290435.3886,6690.0,2.358,Buy
1585290435.3886,6690.0,0.194,Buy
1585290435.3886,6689.5,1.736,Buy
1585290435.3886,6689.0,3.433,Buy
1585290435.3886,6688.0,0.018,Buy
1585290435.3886,6689.5,3.18,Buy
1585290435.3886,6690.0,1.081,Buy
1585290438.38,6688.0,0.454,Sell
1585290441.6287,6687.0,0.727,Buy
1585290457.3495,6689.5,0.595,Buy
1585290458.3511,6690.0,1.116,Sell
1585290459.3538,6689.0,0.733,Sell
1585290460.3554,6689.0,1.805,Buy
1585290475.4711,6680.0,1.545,Sell
1585290475.4711,6680.5,5.455,Sell
1585290484.6389,6685.0,1.0,Sell
1585290517.3496,6687.5,0.706,Buy
1585290523.3513,6686.5,0.907,Sell
1585290529.3539,6686.0,0.027,Sell
1585290535.3557,6682.5,0.223,Buy
1585290562.5618,6683.0,3.851,Sell
1585290562.5618,6683.5,6.149,Sell
1585290566.1971,6684.5,0.11,Buy
1585290577.3494,6683.0,0.475,Sell
1585290601.0019,6682.0,3.041,Buy
1585290601.0019,6682.0,2.959,Buy
1585290615.599,6680.5,0.026,Sell
1585290617.354,6681.0,0.768,Buy
1585290655.0486,6682.0,0.055,Buy
1585290657.3607,6687.5,0.399,Buy
1585290683.3657,6691.5,0.35,Sell
1585290695.3673,6686.0,0.743,Sell
1585290707.3701,6686.0,0.41,Buy
1585290719.3718,6686.5,0.415,Buy
1585290731.3745,6685.5,0.814,Buy
1585290731.5354,6685.0,0.03,Sell
1585290747.8015,6683.5,0.074,Sell
1585290758.3762,6686.5,0.335,Buy
1585290785.3791,6686.0,0.09,Buy
1585290839.3889,6692.0,0.725,Buy
1585290864.3906,6690.0,0.908,Sell
1585290889.3934,6692.0,0.351,Buy
1585290914.3952,6693.5,0.928,Buy
1585290939.3978,6690.5,0.032,Buy
1585290964.3994,6688.0,0.165,Buy
1585291024.0171,6686.0,0.018,Sell
1585291024.0171,6684.5,0.182,Sell
1585291038.9561,6682.0,0.031,Sell
1585291039.4111,6683.0,0.857,Buy
1585291053.4128,6684.5,0.177,Sell
1585291067.4159,6683.0,0.23,Sell
1585291083.7895,6684.0,0.06,Sell
1585291095.4203,6684.0,0.12,Sell
1585291158.4307,6683.5,1.675,Sell
1585291174.9416,6683.5,0.02,Sell
1585291180.2286,6684.0,0.02,Buy
1585291180.2897,6684.0,0.02,Buy
1585291182.4334,6683.5,0.02,Sell
1585291182.6464,6683.0,0.001,Sell
1585291182.6464,6681.5,0.019,Sell
1585291185.435,6680.0,0.993,Sell
1585291212.4368,6677.5,0.132,Sell
1585291239.4455,6682.0,0.599,Sell
1585291247.4471,6680.5,0.795,Buy
1585291255.4499,6679.0,0.183,Buy
1585291263.4518,6677.0,0.47,Sell
1585291297.3495,6675.0,0.612,Buy
1585291320.3512,6674.0,0.808,Sell
1585291343.3557,6673.5,0.065,Sell
1585291366.3575,6670.5,0.522,Sell
1585291417.3674,6674.5,0.16,Buy
1585291434.7336,6674.5,0.4,Buy
1585291445.3705,6675.5,3.503,Buy
1585291473.3722,6676.5,0.164,Buy
1585291501.379,6679.5,0.088,Sell
1585291521.3807,6676.0,0.28,Sell
1585291541.3832,6677.0,0.727,Sell
1585291561.385,6676.5,0.326,Sell
1585291561.385,6676.5,3.013,Sell
1585291581.3875,6676.5,1.257,Sell
1585291604.3892,6673.0,0.523,Buy
1585291627.392,6669.5,4.906,Sell
1585291673.3964,6671.0,0.625,Sell
1585291693.398,6676.5,0.128,Sell
1585291713.4008,6679.0,0.656,Buy
1585291753.4061,6684.5,0.497,Sell
1585291753.4113,6685.0,0.018,Buy
1585291765.4077,6686.0,0.411,Sell
1585291777.4104,6685.0,0.201,Buy
1585291789.4122,6684.5,3.396,Buy
1585291801.4208,6685.0,0.108,Buy
1585291812.4225,6681.0,0.904,Sell
1585291823.4252,6682.0,0.213,Sell
1585291834.4269,6682.5,0.543,Sell
1585291845.4296,6688.0,0.664,Sell
1585291861.4313,6687.0,0.584,Sell
1585291877.4341,6684.5,0.178,Sell
1585291893.4358,6687.0,0.318,Sell
1585291909.4385,6684.5,0.074,Sell
1585291951.4462,6681.0,1.205,Sell
1585291993.4515,6677.5,0.601,Sell
1585291998.4532,6677.5,0.156,Buy
1585292003.456,6678.5,0.351,Sell
1585292008.4577,6680.5,0.351,Sell
1585292017.3495,6679.5,0.879,Buy
1585292023.3511,6678.0,0.692,Buy
1585292029.3539,6677.0,0.387,Sell
1585292035.3557,6678.5,0.363,Sell
1585292077.3601,6677.5,0.019,Buy
1585292099.3618,6675.0,0.059,Sell
1585292121.3647,6674.0,0.367,Sell
1585292122.1843,6673.5,0.134,Sell
1585292143.3665,6673.5,0.584,Sell
1585292165.3701,6670.0,0.118,Sell
1585292170.3719,6669.0,0.745,Sell
1585292175.3746,6667.5,0.835,Buy
1585292180.3763,6665.5,0.407,Sell
1585292185.3802,6661.5,0.347,Sell
1585292200.3852,6666.5,0.052,Sell
1585292206.3899,6670.0,0.13,Sell
1585292257.3496,6671.0,0.621,Buy
1585292307.354,6674.0,0.46,Sell
1585292332.3557,6677.5,0.221,Sell
1585292357.3594,6681.0,0.813,Sell
1585292357.3652,6682.0,0.02,Buy
1585292363.3611,6670.0,0.642,Sell
1585292369.3639,6673.5,0.733,Buy
1585292375.3656,6673.5,0.697,Buy
1585292381.369,6673.5,0.229,Buy
1585292397.3708,6673.5,0.921,Sell
1585292413.3735,6678.5,0.02,Sell
1585292429.3752,6677.0,0.605,Buy
1585292458.3897,6678.5,0.868,Sell
1585292460.3914,6679.5,0.758,Sell
1585292497.3496,6680.5,0.919,Sell
1585292512.3512,6682.0,0.812,Sell
1585292527.3544,6682.0,0.875,Sell
1585292527.3544,6682.0,4.048,Sell
1585292557.359,6684.5,2.323,Buy
1585292582.3607,6684.5,0.127,Sell
1585292607.3636,6685.5,0.838,Sell
1585292632.3653,6689.5,0.182,Sell
1585292657.3693,6690.0,3.405,Buy
1585292669.3709,6688.5,0.761,Sell
1585292676.7426,6684.0,0.4,Sell
1585292681.3737,6684.0,0.31,Sell
1585292693.3755,6688.0,0.491,Sell
1585292705.3782,6689.0,0.35,Sell
1585292706.3798,6689.5,0.953,Sell
1585292707.3825,6688.5,0.421,Buy
1585292763.3513,6690.0,4.541,Buy
1585292789.3541,6691.5,0.499,Sell
1585292791.5486,6692.0,0.01,Buy
1585292792.0486,6696.0,0.05,Buy
1585292794.4486,6700.0,0.084,Buy
1585292816.9636,6697.5,0.02,Sell
1585292819.0632,6697.5,0.956,Sell
1585292819.0632,6697.5,2.263,Sell
1585292819.0632,6697.5,0.968,Sell
1585292819.0632,6698.0,4.967,Sell
1585292819.0632,6699.0,7.68,Sell
1585292819.0632,6698.5,6.157,Sell
1585292841.3638,6698.0,0.856,Sell
1585292842.3655,6698.0,0.523,Buy
1585292843.3687,6701.0,0.204,Buy
1585292844.3704,6699.0,0.64,Sell
1585292857.3496,6701.0,0.329,Buy
1585292883.3512,6697.0,0.921,Sell
1585292935.3556,6699.5,0.244,Sell
1585292961.3595,6701.5,0.118,Sell
1585292972.365,6701.5,0.118,Sell
1585292972.365,6701.5,0.536,Sell
1585292974.3694,6701.0,0.371,Buy
1585292975.3712,6701.0,0.231,Buy
1585292977.3496,6701.0,1.797,Buy
1585293000.3512,6701.5,0.934,Buy
1585293003.0487,6702.0,0.144,Buy
1585293003.1489,6702.0,0.421,Buy
1585293003.2485,6702.0,0.789,Buy
1585293003.3486,6702.0,0.628,Buy
1585293003.4486,6702.0,0.018,Buy
1585293013.5852,6707.0,0.009,Buy
1585293023.354,6702.5,0.313,Buy
1585293069.3583,6691.0,0.756,Sell
1585293075.3601,6695.0,0.865,Buy
1585293081.3629,6694.0,4.384,Sell
1585293087.3646,6692.5,0.267,Sell
1585293097.3496,6694.0,0.076,Sell
1585293117.354,6693.5,0.16,Sell
1585293127.3557,6696.5,0.459,Sell
1585293157.3496,6698.0,0.294,Sell
1585293178.3513,6695.5,0.193,Buy
1585293199.3541,6696.0,0.433,Sell
1585293220.3558,6696.0,0.531,Buy
1585293246.3603,6696.5,1.865,Sell
1585293251.3631,6697.5,0.05,Sell
1585293277.3496,6699.5,3.735,Sell
1585293295.0672,6700.5,0.027,Sell
1585293353.3584,6700.5,0.196,Sell
1585293382.3602,6700.5,0.277,Sell
1585293411.9486,6700.5,0.033,Sell
1585293440.3677,6698.5,0.914,Sell
1585293454.9486,6698.0,0.466,Sell
1585293455.0486,6698.0,0.195,Sell
1585293469.3757,6694.0,0.21,Sell
1585293474.7216,6692.5,4.0,Sell
1585293478.3773,6693.5,0.318,Buy
1585293485.0527,6692.5,0.157,Sell
1585293487.3802,6693.0,0.2,Buy
1585293496.3819,6691.0,0.387,Buy
1585293515.1491,6693.5,2.0,Sell
1585293517.3496,6693.0,0.554,Buy
1585293534.3513,6693.5,0.066,Sell
1585293551.354,6693.0,0.448,Buy
1585293574.087,6692.5,0.727,Sell
1585293585.3593,6692.5,3.591,Sell
1585293605.361,6693.0,0.643,Sell
1585293625.3637,6692.5,0.935,Sell
1585293627.5487,6693.5,1.586,Buy
1585293627.6486,6693.5,0.241,Buy
1585293627.7486,6693.5,0.65,Buy
1585293627.8487,6693.5,0.53,Buy
1585293627.9487,6693.5,0.701,Buy
1585293628.0488,6693.5,0.503,Buy
1585293628.1486,6693.5,0.411,Buy
1585293628.2486,6693.5,0.321,Buy
1585293628.3486,6693.5,0.601,Buy
1585293628.4487,6693.5,0.456,Buy
1585293661.8585,6699.5,6.0,Sell
1585293665.3682,6699.5,0.482,Sell
1585293670.9218,6700.0,0.81,Buy
1585293670.9218,6701.0,4.69,Buy
1585293670.9218,6701.0,0.5,Buy
1585293680.3699,6701.5,3.76,Sell
1585293695.3727,6701.5,0.226,Sell
1585293710.3744,6701.5,0.233,Sell
1585293725.3771,6701.0,0.879,Buy
1585293748.3788,6699.5,0.312,Buy
1585293771.3816,6700.0,0.799,Sell
1585293804.0484,6702.0,1.5,Buy
1585293817.3867,6705.5,0.588,Sell
1585293846.3885,6705.5,3.316,Sell
1585293864.8549,6706.0,0.002,Buy
1585293875.3913,6709.5,0.564,Sell
1585293887.0388,6710.0,1.553,Buy
1585293887.0388,6710.5,0.447,Buy
1585293904.3931,6710.0,0.145,Buy
1585293961.3988,6704.0,0.311,Sell
1585293989.4016,6708.5,4.068,Sell
1585294045.4113,6703.0,0.089,Sell
1585294064.413,6703.0,0.183,Buy
1585294083.4162,6702.0,1.405,Sell
1585294083.4162,6702.0,1.982,Sell
1585294093.1654,6705.0,0.03,Sell
1585294121.4269,6702.5,0.347,Sell
1585294137.4286,6703.0,3.945,Sell
1585294177.3098,6701.0,0.792,Sell
1585294185.4402,6700.0,0.365,Sell
1585294212.4419,6698.5,0.177,Buy
1585294219.9486,6698.0,0.142,Buy
1585294220.0488,6698.0,1.358,Buy
1585294239.4448,6699.5,0.699,Sell
1585294266.4466,6698.5,0.579,Sell
1585294293.4501,6700.0,0.527,Sell
1585294306.4519,6699.5,0.844,Sell
1585294319.4548,6700.0,0.24,Buy
1585294332.4565,6701.5,0.929,Buy
1585294345.4593,6709.5,0.851,Sell
1585294355.461,6709.0,0.199,Sell
1585294365.4639,6709.0,0.427,Sell
1585294375.4657,6708.0,0.81,Sell
1585294377.4085,6705.5,1.0,Sell
1585294385.4705,6707.5,0.209,Sell
1585294387.523,6710.5,1.0,Buy
1585294407.4723,6708.5,0.162,Sell
1585294429.4752,6707.5,0.241,Buy
1585294473.4854,6703.5,0.284,Sell
1585294475.461,6706.0,0.005,Buy
1585294500.4871,6703.0,3.885,Sell
1585294527.49,6703.5,0.975,Sell
1585294533.5866,6701.5,0.005,Sell
1585294534.0103,6701.5,0.005,Sell
1585294550.0168,6705.0,0.005,Buy
1585294554.4917,6704.5,0.183,Buy
1585294581.4987,6701.0,0.595,Sell
1585294598.5003,6697.5,0.39,Sell
1585294615.5032,6697.0,0.797,Buy
1585294632.5049,6696.5,0.954,Sell
1585294649.5076,6695.5,0.288,Buy
1585294664.5093,6700.0,0.028,Buy
1585294679.5122,6696.0,0.811,Buy
1585294699.6947,6699.5,1.517,Sell
1585294720.5182,6697.0,0.199,Buy
1585294731.5211,6699.5,0.469,Sell
1585294742.5228,6696.0,0.954,Sell
1585294753.5256,6696.0,0.16,Sell
1585294754.7049,6695.0,4.686,Sell
1585294754.7049,6694.5,5.598,Sell
1585294754.7049,6694.5,1.716,Sell
1585294761.5273,6697.5,0.2,Buy
1585294769.5299,6696.0,1.903,Sell
1585294777.5317,6696.0,0.675,Buy
1585294785.5353,6695.0,0.752,Sell
1585294825.5399,6697.0,0.11,Buy
1585294845.5416,6696.0,0.133,Sell
1585294865.5485,6692.0,0.492,Sell
1585294869.5503,6692.5,0.141,Sell
1585294873.5531,6691.5,1.35,Sell
1585294873.5531,6691.5,0.676,Sell
1585294892.6486,6692.0,0.1,Buy
1585294892.7486,6692.0,0.4,Buy
1585294897.3495,6696.0,0.219,Sell
1585294907.3512,6698.0,0.813,Buy
1585294917.3539,6696.0,0.591,Sell
1585294927.3556,6696.5,0.765,Buy
1585294957.3496,6696.0,0.979,Buy
1585295007.3539,6696.0,0.164,Sell
1585295057.3636,6695.5,0.045,Sell
1585295081.3653,6695.0,0.011,Sell
1585295105.3681,6695.5,0.441,Sell
1585295120.6486,6696.0,0.124,Buy
1585295120.7486,6696.0,0.176,Buy
1585295124.4485,6698.0,0.113,Buy
1585295124.5485,6698.0,0.469,Buy
1585295124.6484,6698.0,0.17,Buy
1585295129.3698,6702.5,0.69,Buy
1585295153.3724,6701.5,0.449,Buy
1585295154.4765,6703.0,7.442,Buy
1585295154.4765,6703.5,2.163,Buy
1585295154.4765,6703.0,2.395,Buy
1585295177.3741,6702.0,0.716,Sell
1585295183.1683,6705.0,0.005,Buy
1585295189.583,6704.5,0.006,Buy
1585295201.377,6702.0,0.01,Sell
1585295249.3815,6703.5,4.668,Buy
1585295269.3832,6702.0,4.727,Buy
1585295289.386,6702.5,0.108,Buy
1585295331.4037,6703.5,0.355,Sell
1585295332.4054,6703.5,0.246,Sell
1585295377.3496,6703.5,0.749,Sell
1585295397.3513,6705.5,0.642,Sell
1585295417.3542,6705.5,0.263,Sell
1585295457.3631,6711.0,0.296,Sell
1585295458.6989,6719.5,1.0,Buy
1585295464.3486,6720.0,0.05,Buy
1585295471.3647,6716.0,0.506,Buy
1585295479.6522,6718.5,0.362,Sell
1585295488.3191,6719.0,1.085,Sell
1585295495.3099,6718.0,1.447,Buy
1585295513.3775,6718.0,0.48,Sell
1585295534.3791,6717.0,0.53,Buy
1585295553.6183,6712.0,2.997,Sell
1585295555.3818,6712.5,0.276,Buy
1585295576.3835,6713.0,0.429,Buy
1585295620.3878,6715.5,1.376,Sell
1585295620.3878,6715.5,1.669,Sell
1585295643.3906,6715.5,0.63,Sell
1585295713.4021,6712.5,0.859,Buy
1585295747.4064,6709.0,0.525,Buy
1585295781.4154,6712.0,0.436,Sell
1585295783.4197,6712.0,0.694,Sell
1585295797.3497,6708.0,0.983,Sell
1585295819.3513,6708.5,0.75,Sell
1585295841.3542,6707.5,0.342,Sell
1585295885.3587,6701.0,0.193,Sell
1585295896.3603,6703.5,0.865,Sell
1585295907.3631,6704.5,2.955,Sell
1585295918.3648,6703.5,0.207,Sell
1585295932.3734,6703.0,0.561,Sell
1585295935.3762,6703.0,0.394,Sell
1585295938.378,6703.0,0.214,Sell
1585295977.3496,6702.0,0.115,Sell
1585296027.3538,6695.0,0.464,Sell
1585296052.3555,6693.5,0.653,Sell
1585296077.3605,6681.5,0.604,Sell
1585296094.3654,6691.0,0.248,Sell
1585296136.3711,6687.0,0.83,Buy
1585296157.3728,6686.5,0.009,Sell
1585296178.3756,6675.5,0.654,Sell
1585296178.3806,6676.0,0.002,Buy
1585296181.3773,6679.0,4.491,Buy
1585296184.3801,6676.0,0.781,Sell
1585296187.3818,6680.0,0.538,Buy
1585296217.3501,6678.0,0.297,Sell
1585296230.3518,6677.5,0.22,Sell
1585296243.3546,6680.0,0.215,Buy
1585296256.3563,6687.5,0.729,Buy
1585296277.3495,6687.0,2.229,Buy
1585296302.3513,6690.5,0.227,Sell
1585296352.3558,6691.5,0.706,Buy
1585296364.4118,6688.5,1.887,Buy
1585296377.3583,6687.0,0.288,Sell
1585296387.36,6684.0,0.275,Buy
1585296396.0661,6685.0,0.01,Buy
1585296397.3627,6683.5,0.353,Buy
1585296402.2042,6682.0,0.01,Sell
1585296417.367,6683.5,1.714,Buy
1585296436.0213,6686.0,0.001,Buy
1585296436.1491,6685.0,0.08,Sell
1585296436.3863,6685.0,0.08,Sell
1585296442.5337,6685.0,0.16,Buy
1585296445.3688,6684.5,1.004,Sell
1585296454.4615,6684.5,0.001,Sell
1585296473.3716,6682.0,0.665,Buy
1585296513.9055,6681.0,0.001,Sell
1585296529.3814,6680.5,0.652,Sell
1585296557.3827,6680.5,0.05,Sell
1585296599.3139,6684.5,0.733,Buy
1585296600.3512,6683.0,0.459,Sell
1585296623.3541,6681.5,0.306,Sell
1585296627.7461,6681.0,0.006,Sell
1585296631.2246,6680.5,0.005,Sell
1585296636.1707,6680.0,0.001,Sell
1585296646.3557,6680.5,0.601,Sell
1585296680.8361,6680.5,0.001,Buy
1585296725.3779,6680.5,0.575,Sell
1585296727.3796,6680.5,0.639,Buy
1585296757.3498,6681.0,0.065,Sell
1585296799.3543,6684.5,0.214,Sell
1585296821.6486,6685.0,0.04,Buy
1585296857.365,6689.5,4.961,Sell
1585296857.3704,6689.5,0.001,Sell
1585296858.7485,6690.0,0.05,Buy
1585296870.9475,6691.0,0.001,Sell
1585296873.3677,6692.0,0.861,Sell
1585296919.7909,6695.5,2.0,Sell
1585296928.3747,6695.5,0.951,Sell
1585296951.3778,6691.5,0.3,Buy
1585296974.3795,6690.0,1.073,Sell
1585296997.3875,6689.5,0.553,Buy
1585297014.3892,6692.5,0.826,Sell
1585297019.5308,6692.0,0.005,Sell
1585297048.3939,6690.5,0.685,Buy
1585297065.3965,6689.0,0.127,Sell
1585297077.3981,6691.0,0.375,Sell
1585297089.4009,6693.5,0.422,Sell
1585297101.4026,6692.0,0.316,Buy
1585297117.3495,6692.0,0.527,Buy
1585297129.73,6690.0,5.0,Buy
1585297140.3513,6689.5,0.303,Sell
1585297163.354,6691.5,0.144,Sell
1585297175.0618,6691.5,0.02,Sell
1585297186.3558,6687.5,0.684,Sell
1585297209.3599,6684.5,0.149,Buy
1585297216.3687,6684.0,0.243,Sell
1585297238.3703,6687.5,0.242,Buy
1585297260.3729,6684.0,0.521,Sell
1585297304.3783,6683.0,0.352,Buy
1585297328.3801,6686.0,0.694,Sell
1585297352.3828,6683.5,0.905,Sell
1585297376.3845,6686.5,0.903,Sell
1585297378.8723,6686.0,0.001,Buy
1585297400.3916,6686.0,0.084,Sell
1585297401.3933,6685.5,0.496,Sell
1585297402.396,6685.5,1.075,Sell
1585297403.3978,6685.5,0.269,Sell
1585297406.6485,6686.5,0.572,Buy
1585297410.9326,6688.0,0.001,Sell
1585297417.3495,6688.0,2.022,Sell
1585297442.3511,6685.0,0.733,Sell
1585297467.354,6685.0,0.891,Sell
1585297492.3557,6687.5,0.663,Sell
1585297517.3594,6687.0,0.673,Sell
1585297542.3611,6677.5,0.967,Sell
1585297558.3483,6677.5,0.001,Sell
1585297563.3589,6678.5,0.022,Buy
1585297563.5674,6678.5,0.022,Buy
1585297567.364,6677.5,0.299,Sell
1585297592.3658,6680.5,0.51,Sell
1585297617.3684,6677.5,0.977,Sell
1585297624.6782,6679.0,2.0,Sell
1585297641.3701,6679.0,0.142,Buy
1585297665.3754,6684.0,0.845,Buy
1585297713.385,6679.5,0.137,Sell
1585297731.3867,6683.0,1.303,Buy
1585297749.3894,6682.0,0.413,Sell
1585297767.3911,6679.5,0.041,Buy
1585297793.3956,6680.5,0.27,Buy
1585297798.1457,6679.5,0.022,Sell
1585297801.3985,6679.5,0.311,Buy
1585297809.4003,6679.5,0.208,Sell
1585297877.3541,6672.5,0.462,Buy
1585297891.4647,6672.0,0.072,Buy
1585297897.3558,6670.0,0.668,Buy
1585297897.6025,6670.0,0.063,Sell
1585297917.3585,6675.0,0.387,Buy
1585297920.9403,6675.0,0.045,Sell
1585297923.0763,6676.0,0.139,Buy
1585297938.059,6670.5,0.196,Sell
1585297975.3628,6673.0,0.858,Sell
1585297991.5305,6672.0,0.016,Buy
1585297997.5962,6671.0,0.016,Buy
1585298006.1134,6671.5,0.01,Buy
1585298007.0618,6671.5,0.049,Buy
1585298027.3132,6676.5,0.055,Buy
1585298033.3728,6675.5,0.227,Buy
1585298039.3745,6675.0,0.507,Buy
1585298045.3485,6673.5,0.028,Sell
1585298045.3774,6674.0,0.5,Buy
1585298051.3791,6674.5,0.264,Sell
1585298063.0187,6671.0,0.007,Sell
1585298077.3496,6672.0,0.756,Sell
1585298083.3514,6671.5,0.186,Sell
1585298116.1717,6671.0,0.049,Sell
1585298119.3918,6671.0,0.1,Sell
1585298127.2037,6671.0,0.05,Sell
1585298139.9705,6671.5,0.04,Buy
1585298219.9486,6674.5,0.05,Buy
1585298241.3596,6680.0,0.808,Sell
1585298249.3647,6680.0,0.58,Sell
1585298261.3664,6685.0,0.693,Buy
1585298266.7108,6688.5,0.1,Buy
1585298266.9469,6688.0,0.1,Buy
1585298273.3693,6685.5,0.875,Sell
1585298285.3711,6685.5,0.905,Buy
1585298296.4487,6686.0,0.01,Buy
1585298297.3792,6687.5,0.807,Sell
1585298305.8839,6688.5,1.0,Buy
1585298326.3808,6688.0,2.897,Sell
1585298339.858,6687.0,0.1,Sell
1585298355.3838,6685.5,0.434,Buy
1585298413.3938,6685.0,0.389,Buy
1585298429.3981,6686.5,0.835,Sell
1585298437.3998,6686.0,1.512,Buy
1585298445.4025,6685.0,0.098,Buy
1585298467.407,6684.5,0.492,Buy
1585298478.4087,6684.5,0.242,Sell
1585298497.3495,6685.5,2.747,Buy
1585298543.3291,6686.0,0.001,Buy
1585298549.3539,6684.5,0.647,Sell
1585298552.8743,6685.5,0.1,Buy
1585298575.3556,6686.5,0.66,Sell
1585298595.0233,6686.5,0.21,Sell
1585298616.3642,6686.0,0.125,Buy
1585298623.9793,6687.5,0.001,Sell
1585298638.3691,6687.5,0.928,Buy
1585298649.3709,6687.5,0.639,Sell
1585298655.5485,6688.0,0.1,Buy
1585298660.3747,6687.5,0.481,Sell
1585298672.3764,6688.0,0.908,Sell
1585298684.3791,6687.5,0.969,Buy
1585298696.3809,6687.5,0.185,Buy
1585298708.388,6688.0,0.757,Sell
1585298715.3897,6687.5,0.931,Sell
1585298716.9485,6688.5,0.235,Buy
1585298717.0487,6688.5,0.267,Buy
1585298717.1486,6688.5,0.285,Buy
1585298722.3926,6689.5,0.492,Sell
1585298729.3943,6689.5,1.14,Sell
1585298739.3512,6689.5,0.719,Sell
1585298741.354,6687.5,0.416,Sell
1585298743.3556,6687.0,0.15,Buy
1585298797.3497,6689.5,0.764,Sell
1585298804.3514,6689.5,0.498,Buy
1585298804.6485,6690.0,0.05,Buy
1585298811.3542,6693.5,0.588,Sell
1585298811.3592,6695.0,0.05,Buy
1585298857.3496,6693.5,0.962,Sell
1585298860.9449,6693.0,0.1,Sell
1585298861.3512,6693.5,0.372,Sell
1585298869.1211,6694.0,0.21,Buy
1585298917.3496,6691.5,0.795,Buy
1585298927.3513,6690.5,0.261,Sell
1585298931.371,6690.5,0.01,Buy
1585298937.3539,6690.5,0.01,Sell
1585298947.3557,6690.0,1.692,Sell
1585298957.4605,6690.0,0.1,Buy
1585298977.3495,6686.5,0.48,Sell
1585298998.5488,6686.0,0.21,Sell
1585298998.5488,6686.0,0.094,Sell
1585298998.6487,6686.0,0.024,Sell
1585298998.7488,6685.5,0.248,Sell
1585298998.8487,6685.5,0.1,Sell
1585298998.9486,6685.5,0.025,Sell
1585298999.7615,6681.5,0.178,Buy
1585299037.35,6685.5,0.359,Sell
1585299048.1353,6685.0,0.01,Sell
1585299053.3517,6685.5,0.708,Sell
1585299062.3731,6681.5,0.01,Buy
1585299062.6901,6681.5,0.01,Buy
1585299083.7695,6681.0,0.01,Sell
1585299085.356,6681.5,0.014,Buy
1585299101.3637,6681.5,0.21,Buy
1585299125.4486,6681.0,0.056,Sell
1585299176.8465,6678.5,0.062,Buy
1585299176.9522,6678.5,0.062,Buy
1585299209.3723,6674.5,0.903,Sell
1585299237.3767,6674.5,3.969,Buy
1585299251.3784,6675.5,0.793,Sell
1585299265.3853,6674.5,0.816,Buy
1585299269.387,6675.5,0.881,Sell
1585299273.3922,6675.0,0.301,Buy
1585299277.3939,6675.5,0.484,Buy
1585299281.3975,6674.5,0.471,Sell
1585299298.3991,6676.0,0.266,Sell
1585299315.4019,6676.5,0.951,Sell
1585299332.4036,6674.5,0.154,Buy
1585299389.4107,6679.5,0.092,Sell
1585299407.1554,6676.0,0.01,Sell
1585299429.415,6678.0,0.244,Sell
1585299432.4166,6678.0,0.093,Sell
1585299435.4196,6678.0,3.574,Sell
1585299441.4288,6678.0,0.965,Sell
1585299457.3494,6679.0,4.008,Sell
1585299464.3511,6679.0,0.551,Sell
1585299471.3537,6679.0,0.514,Sell
1585299478.3554,6679.5,1.256,Buy
1585299485.3592,6681.0,0.96,Sell
1585299517.3495,6680.0,0.632,Sell
1585299543.3512,6676.5,1.831,Sell
1585299569.3539,6675.0,0.993,Buy
1585299595.3556,6674.5,0.446,Sell
1585299621.3582,6675.5,0.594,Sell
1585299662.9486,6674.0,0.506,Sell
1585299663.6485,6670.5,0.04,Sell
1585299663.7485,6669.0,0.001,Sell
1585299669.3682,6664.0,0.921,Buy
1585299671.3699,6664.0,0.505,Buy
1585299673.3728,6664.5,0.047,Sell
1585299697.35,6671.0,0.312,Sell
1585299729.3546,6672.5,0.006,Buy
1585299773.7315,6676.5,0.104,Buy
1585299773.7315,6676.5,0.076,Buy
1585299784.2486,6676.5,0.002,Buy
1585299784.2486,6676.5,0.026,Buy
1585299790.3652,6681.0,0.95,Buy
1585299819.368,6676.5,0.286,Sell
1585299819.368,6676.5,0.208,Sell
1585299848.3697,6679.0,0.986,Buy
1585299877.3765,6676.5,0.25,Sell
1585299897.3782,6674.5,0.62,Sell
1585299917.3809,6675.5,2.885,Buy
1585300009.394,6677.0,0.053,Sell
1585300035.3958,6677.5,0.764,Sell
1585300061.3984,6677.0,3.25,Buy
1585300063.4029,6677.5,0.452,Sell
1585300064.4047,6677.5,3.635,Sell
1585300097.5486,6678.0,0.194,Buy
1585300097.6484,6678.0,0.573,Buy
1585300132.3512,6684.0,0.598,Sell
1585300147.354,6685.5,0.224,Sell
1585300162.3557,6681.5,0.061,Sell
1585300197.3654,6685.0,0.37,Sell
1585300217.3681,6683.0,0.923,Buy
1585300237.3698,6682.5,0.833,Buy
1585300257.3724,6683.0,0.172,Sell
1585300261.3741,6683.5,0.322,Sell
1585300265.3769,6684.5,0.5,Sell
1585300297.3495,6682.5,0.675,Sell
1585300319.3538,6683.5,0.551,Buy
1585300330.3556,6682.5,2.116,Sell
1585300330.3556,6682.5,2.146,Sell
1585300341.3595,6680.0,0.273,Sell
1585300357.3496,6680.5,0.551,Sell
1585300377.3514,6680.5,0.158,Sell
1585300387.0058,6682.5,0.001,Buy
1585300397.3547,6681.5,0.489,Sell
1585300417.3565,6680.5,0.731,Sell
1585300437.3647,6680.5,0.216,Sell
1585300443.3664,6680.5,1.364,Sell
1585300455.3709,6679.5,0.66,Buy
1585300477.3495,6678.0,0.306,Sell
1585300493.3541,6683.5,0.176,Sell
1585300537.3496,6679.5,0.33,Buy
1585300540.3513,6679.0,0.492,Sell
1585300543.3542,6680.5,0.249,Sell
1585300546.3559,6680.5,0.135,Buy
1585300597.3495,6678.0,1.869,Sell
1585300601.3512,6678.0,0.905,Buy
1585300605.3538,6678.0,0.358,Sell
1585300609.3556,6678.5,0.438,Sell
1585300657.3496,6679.0,1.342,Sell
1585300677.3513,6680.0,0.215,Sell
1585300737.3636,6677.5,0.269,Buy
1585300755.3653,6675.5,0.715,Sell
1585300773.3681,6679.5,2.956,Buy
1585300838.3784,6680.5,0.069,Buy
1585300867.3812,6680.5,0.143,Buy
1585300896.3829,6679.5,0.61,Sell
1585300925.3867,6682.0,0.239,Sell
1585300931.3884,6683.5,0.049,Sell
1585300937.3931,6682.5,0.626,Sell
1585300943.3948,6681.5,2.554,Buy
1585300957.3495,6680.5,0.995,Buy
1585300984.3512,6682.0,0.886,Buy
1585301011.3568,6679.5,0.52,Sell
1585301065.361,6680.5,0.814,Buy
1585301066.3628,6680.5,0.098,Sell
1585301067.3654,6680.5,2.073,Sell
1585301068.3672,6680.5,1.52,Buy
1585301077.3495,6679.5,0.977,Sell
1585301093.3538,6676.0,0.26,Sell
1585301137.3496,6673.5,0.024,Sell
1585301137.355,6673.0,0.1,Sell
1585301159.3513,6675.5,1.322,Buy
1585301181.3542,6672.5,0.131,Sell
1585301227.3665,6673.5,0.492,Sell
1585301228.3694,6673.5,0.383,Sell
1585301229.3711,6673.5,0.397,Sell
1585301243.5896,6670.0,0.01,Sell
1585301257.3496,6671.0,2.457,Sell
1585301258.3513,6671.0,4.375,Sell
1585301259.3541,6671.0,0.169,Sell
1585301317.3495,6672.0,0.691,Sell
1585301335.3511,6672.5,0.538,Sell
1585301353.3537,6674.0,0.896,Sell
1585301389.3592,6672.0,0.988,Sell
1585301394.3641,6672.0,0.871,Sell
1585301403.3658,6671.5,0.364,Sell
1585301412.3686,6671.5,0.121,Buy
1585301421.3704,6673.5,0.266,Sell
1585301421.376,6674.0,0.075,Buy
1585301437.3496,6672.5,0.823,Buy
1585301455.5061,6674.0,0.1,Sell
1585301462.542,6674.0,0.1,Sell
1585301467.354,6673.5,0.608,Buy
1585301477.0552,6675.5,0.1,Sell
1585301497.3592,6675.5,0.68,Buy
1585301507.3609,6672.5,0.178,Buy
1585301517.3637,6672.5,0.732,Buy
1585301537.3692,6674.0,0.934,Sell
1585301570.3758,6672.5,0.104,Sell
1585301577.3785,6673.5,0.077,Sell
1585301584.3803,6674.0,0.003,Buy
1585301627.3513,6675.0,0.758,Sell
1585301637.354,6672.0,3.753,Sell
1585301677.3496,6674.0,0.252,Sell
1585301704.3512,6679.5,0.219,Buy
1585301731.354,6677.5,0.425,Sell
1585301758.3557,6677.5,0.819,Buy
1585301785.3627,6677.0,0.386,Sell
1585301804.3645,6676.5,0.336,Buy
1585301823.3673,6674.5,0.112,Sell
1585301861.3759,6674.0,0.527,Sell
1585301885.3776,6675.0,0.519,Buy
1585301933.3821,6674.5,0.575,Sell
1585301957.3859,6676.0,0.089,Sell
1585301966.3876,6676.5,0.54,Sell
1585301975.3905,6676.5,3.499,Sell
1585301993.3959,6677.0,0.004,Sell
1585302008.3977,6677.5,0.609,Sell
1585302023.4004,6677.5,0.825,Sell
1585302038.4021,6674.5,0.949,Sell
1585302053.4048,6675.0,0.418,Sell
1585302104.411,6674.5,0.74,Sell
1585302140.4199,6669.0,0.335,Sell
1585302156.4243,6666.5,0.685,Sell
1585302164.4261,6666.5,0.694,Sell
1585302172.4287,6665.5,0.193,Buy
1585302198.4304,6666.5,0.776,Sell
1585302224.4332,6666.5,0.876,Sell
1585302250.4349,6661.5,0.296,Sell
1585302260.4726,6661.5,0.051,Sell
1585302260.4726,6655.0,0.61,Sell
1585302276.4432,6652.5,1.946,Buy
1585302276.4546,6652.0,0.018,Sell
1585302282.4449,6652.0,2.056,Sell
1585302288.4478,6652.5,2.588,Buy
1585302294.4496,6655.5,0.601,Sell
1585302300.4525,6652.0,0.491,Sell
1585302307.0316,6655.5,0.009,Sell
1585302316.4571,6658.5,4.316,Buy
1585302324.4589,6656.5,0.107,Buy
1585302337.3496,6660.0,0.182,Buy
1585302345.3512,6660.0,0.467,Sell
1585302353.354,6660.5,0.172,Buy
1585302387.0687,6660.0,0.002,Sell
1585302397.3495,6661.0,4.545,Sell
1585302449.354,6660.5,0.291,Buy
1585302475.3557,6660.0,0.129,Sell
1585302604.9486,6659.0,0.053,Sell
1585302605.3736,6654.5,0.227,Buy
1585302610.3753,6653.0,0.327,Buy
1585302614.0486,6651.0,0.056,Sell
1585302614.0541,6650.0,0.002,Sell
1585302614.0541,6647.5,0.098,Sell
1585302614.1456,6647.5,0.874,Sell
1585302614.1456,6646.5,0.126,Sell
1585302615.3781,6647.0,0.482,Buy
1585302620.3798,6649.5,0.269,Buy
1585302637.3497,6654.0,0.493,Sell
1585302666.3514,6652.5,0.281,Sell
1585302723.3536,6650.0,0.001,Sell
1585302723.3536,6649.0,0.021,Sell
1585302724.356,6650.0,0.83,Sell
1585302753.3642,6647.5,0.478,Sell
1585302753.6269,6647.5,0.76,Buy
1585302760.7167,6647.5,0.022,Buy
1585302761.3661,6646.5,0.094,Buy
1585302769.3688,6645.5,0.89,Sell
1585302777.3705,6648.0,0.021,Sell
1585302785.3733,6645.5,4.023,Buy
1585302812.3749,6641.0,0.137,Buy
1585302835.7351,6643.5,0.049,Buy
1585302839.3778,6644.5,0.58,Sell
1585302858.3916,6641.5,2.078,Sell
1585302866.3795,6643.0,0.927,Buy
1585302874.1253,6642.5,0.022,Sell
1585302886.1562,6643.0,0.809,Sell
1585302887.2366,6645.0,0.022,Buy
1585302893.3835,6644.5,0.561,Sell
1585302901.3884,6647.5,0.578,Sell
1585302902.5481,6648.0,2.0,Buy
1585302922.3901,6647.5,0.956,Buy
1585302985.4017,6649.5,0.231,Sell
1585303011.4061,6649.5,0.477,Sell
1585303024.4078,6650.5,0.854,Sell
1585303034.9244,6651.0,0.04,Buy
1585303037.4115,6650.5,0.686,Sell
1585303077.4162,6650.5,0.068,Buy
1585303083.3609,6650.0,0.1,Sell
1585303083.3609,6646.5,0.656,Sell
1585303096.1338,6645.0,0.756,Buy
1585303096.8759,6643.0,0.016,Sell
1585303097.418,6644.0,4.377,Buy
1585303117.4233,6644.0,4.5,Sell
1585303132.4251,6643.5,0.502,Sell
1585303162.4296,6644.5,2.896,Sell
1585303164.8109,6644.5,0.001,Sell
1585303167.3486,6645.0,0.5,Buy
1585303177.4329,6648.0,0.473,Sell
1585303205.4347,6641.5,0.197,Sell
1585303233.4376,6641.0,0.958,Sell
1585303261.4394,6637.5,0.32,Buy
1585303289.4479,6633.5,0.436,Buy
1585303289.4536,6632.5,2.315,Sell
1585303289.4536,6633.0,2.685,Sell
1585303295.4496,6632.0,0.291,Sell
1585303295.4551,6632.0,0.1,Sell
1585303301.4523,6632.0,0.036,Sell
1585303307.4542,6632.0,0.706,Sell
1585303313.4568,6629.5,0.273,Sell
1585303333.4585,6636.5,0.769,Sell
1585303349.8084,6638.5,0.3,Buy
1585303353.4613,6635.0,0.62,Sell
1585303373.463,6633.0,0.346,Sell
1585303393.4657,6624.5,0.486,Sell
1585303393.4707,6625.0,9.165,Buy
1585303393.4707,6625.5,0.835,Buy
1585303406.4673,6625.5,0.926,Buy
1585303419.4704,6627.0,0.733,Buy
1585303432.4721,6625.0,1.03,Sell
1585303445.4811,6626.0,1.681,Sell
1585303453.4828,6624.0,0.966,Sell
1585303461.4857,6626.5,0.637,Buy
1585303469.4874,6627.0,0.658,Sell
1585303479.4944,6627.5,0.421,Sell
1585303480.4961,6627.5,0.001,Buy
1585303497.5865,6627.0,0.024,Sell
1585303516.1485,6624.0,0.1,Sell
1585303516.1538,6620.0,0.056,Sell
1585303547.2485,6621.0,0.1,Sell
1585303562.2485,6616.5,0.1,Sell
1585303569.0885,6614.0,0.002,Sell
1585303575.0486,6614.0,0.098,Sell
1585303593.3557,6608.5,2.361,Buy
1585303599.6668,6606.0,0.005,Sell
1585303621.3574,6607.5,1.302,Buy
1585303646.5432,6605.5,2.0,Buy
1585303650.7486,6605.0,0.1,Sell
1585303650.8485,6605.0,0.843,Sell
1585303650.9486,6605.0,0.057,Sell
1585303651.0486,6601.0,0.121,Sell
1585303652.5487,6600.0,0.1,Sell
1585303652.5487,6600.0,0.03,Sell
1585303652.5538,6595.5,1.0,Sell
1585303652.5653,6595.0,0.149,Sell
1585303652.5653,6595.5,0.418,Sell
1585303652.5704,6602.5,1.76,Buy
1585303652.5704,6603.0,0.24,Buy
1585303661.3661,6595.5,2.527,Sell
1585303673.3689,6605.5,0.667,Buy
1585303676.9789,6606.5,0.062,Buy
1585303678.4305,6607.0,0.095,Sell
1585303683.7433,6617.0,1.0,Sell
1585303685.3706,6628.0,0.34,Sell
1585303698.0278,6625.0,1.0,Buy
1585303709.3777,6627.5,0.315,Buy
1585303715.3795,6627.5,0.329,Buy
1585303717.1484,6628.0,0.1,Buy
1585303717.1484,6628.0,0.093,Buy
1585303717.2486,6628.0,0.007,Buy
1585303739.3839,6627.0,0.222,Sell
1585303757.3867,6626.5,0.244,Buy
1585303762.0486,6625.0,0.133,Sell
1585303762.1486,6625.0,0.321,Sell
1585303762.2492,6625.0,0.422,Sell
1585303762.3486,6625.0,0.108,Sell
1585303762.4485,6625.0,0.81,Sell
1585303762.5485,6625.0,0.1,Sell
1585303762.6484,6625.0,0.33,Sell
1585303762.7484,6625.0,0.698,Sell
1585303762.8553,6625.0,0.647,Sell
1585303762.9485,6625.0,0.688,Sell
1585303763.0487,6625.0,0.234,Sell
1585303763.1485,6625.0,0.1,Sell
1585303763.2487,6625.0,0.409,Sell
1585303775.3884,6620.5,0.735,Sell
1585303784.6979,6619.5,0.181,Sell
1585303784.6979,6621.0,0.747,Buy
1585303793.3972,6621.0,0.11,Buy
1585303803.3988,6620.5,0.184,Buy
1585303813.4016,6621.0,0.321,Buy
1585303823.4033,6622.0,0.525,Buy
1585303837.3495,6627.5,0.788,Sell
1585303839.3512,6627.5,0.578,Buy
1585303841.3538,6627.5,2.838,Sell
1585303843.3555,6627.5,0.01,Buy
1585303873.0486,6628.0,0.1,Buy
1585303873.0486,6628.0,0.05,Buy
1585303873.0486,6628.0,0.024,Buy
1585303873.1486,6628.5,0.1,Buy
1585303873.2507,6629.5,0.1,Buy
1585303883.3111,6636.0,0.011,Buy
1585303883.3161,6636.0,0.017,Buy
1585303886.2486,6636.0,0.072,Buy
1585303897.3495,6639.0,0.909,Sell
1585303909.3512,6638.0,3.091,Buy
1585303921.3541,6635.5,0.337,Buy
1585303930.9265,6636.0,0.01,Buy
1585303942.5031,6635.5,0.01,Sell
1585303942.7184,6635.5,0.01,Sell
1585303969.3658,6639.5,3.193,Buy
1585303975.3675,6640.0,0.245,Sell
1585303981.3703,6639.5,4.3,Sell
1585303987.3721,6633.5,0.725,Sell
1585304017.3495,6631.5,0.685,Sell
1585304026.3512,6631.5,0.821,Sell
1585304035.3539,6632.5,0.476,Buy
1585304077.3498,6634.5,0.543,Sell
1585304085.0998,6628.5,0.979,Sell
1585304106.3515,6630.5,0.624,Sell
1585304120.6232,6632.5,0.001,Buy
1585304126.8647,6632.5,0.227,Buy
1585304164.3559,6636.5,0.099,Sell
1585304168.5678,6639.5,0.01,Buy
1585304189.4628,6642.0,0.25,Buy
1585304191.7344,6643.5,0.001,Buy
1585304193.3597,6641.0,2.158,Sell
1585304205.3613,6644.0,0.008,Sell
1585304217.3642,6650.0,0.786,Buy
1585304229.3658,6649.0,0.725,Sell
1585304299.3729,6646.5,0.465,Sell
1585304322.1527,6648.5,0.538,Sell
1585304357.3815,6648.5,0.12,Buy
1585304360.3832,6647.5,0.641,Sell
1585304363.3862,6646.5,1.424,Buy
1585304366.3879,6645.5,0.825,Sell
1585304395.3513,6645.5,0.371,Sell
1585304413.354,6645.5,0.23,Buy
1585304421.5054,6646.0,0.2,Buy
1585304449.3626,6646.0,2.619,Buy
1585304481.3669,6645.5,0.25,Sell
1585304497.3686,6658.5,0.135,Buy
1585304497.374,6659.0,0.181,Buy
1585304513.3756,6657.5,0.984,Buy
1585304539.3773,6658.0,0.448,Buy
1585304565.3801,6658.0,0.621,Buy
1585304591.3819,6658.5,0.554,Sell
1585304617.3888,6656.0,0.562,Buy
1585304619.3905,6656.0,2.133,Sell
1585304621.3951,6655.5,0.114,Sell
1585304623.3969,6655.5,0.577,Sell
1585304623.3969,6655.5,0.114,Sell
1585304677.3496,6656.5,0.502,Sell
1585304682.5592,6655.0,3.0,Buy
1585304693.3513,6653.0,0.064,Sell
1585304708.4486,6654.5,0.01,Buy
1585304709.354,6656.0,0.917,Sell
1585304730.1486,6656.5,0.01,Buy
1585304741.3634,6656.5,0.448,Sell
1585304761.3652,6656.5,0.629,Sell
1585304781.3679,6656.5,0.397,Sell
1585304794.3639,6655.5,2.0,Sell
1585304801.3696,6652.5,0.84,Buy
1585304821.3722,6655.0,0.403,Buy
1585304826.3739,6655.0,0.597,Buy
1585304831.3768,6654.5,0.134,Sell
1585304836.3785,6655.5,0.66,Sell
1585304857.3496,6653.0,0.587,Buy
1585304876.3512,6654.0,0.949,Buy
1585304895.3539,6653.0,0.058,Sell
1585304914.3557,6651.5,0.925,Sell
1585304946.3655,6655.5,0.718,Buy
1585304955.484,6655.0,0.83,Sell
1585304959.3683,6655.5,0.445,Sell
1585304972.3701,6656.0,0.503,Buy
1585304985.377,6655.0,0.323,Sell
1585305008.3787,6653.5,0.3,Sell
1585305012.2188,6654.5,0.188,Buy
1585305047.1993,6656.0,0.001,Sell
1585305054.3837,6655.5,0.55,Sell
1585305071.1349,6656.5,0.001,Sell
1585305077.3874,6654.5,0.648,Buy
1585305080.3892,6655.5,0.652,Sell
1585305083.392,6655.5,0.153,Sell
1585305086.3938,6656.5,0.563,Buy
1585305100.3513,6656.0,0.238,Sell
1585305103.3541,6656.5,1.969,Sell
1585305106.3558,6656.0,0.907,Buy
1585305158.2487,6657.0,0.01,Buy
1585305158.4485,6659.0,0.01,Buy
1585305158.4485,6659.0,0.01,Buy
1585305158.6485,6659.5,0.01,Buy
1585305163.2486,6660.0,0.01,Buy
1585305163.2536,6661.0,0.005,Buy
1585305163.3485,6661.0,0.005,Buy
1585305174.3516,6665.5,0.031,Sell
1585305185.9418,6665.5,0.82,Buy
1585305185.9418,6663.0,0.01,Buy
1585305187.5542,6666.0,0.08,Buy
1585305187.5542,6666.0,0.02,Buy
1585305191.3543,6665.5,0.494,Sell
1585305202.1487,6666.0,0.01,Buy
1585305208.3561,6671.5,0.912,Buy
1585305208.3614,6672.0,1.7,Buy
1585305220.9352,6671.5,0.125,Buy
1585305225.3587,6666.0,1.004,Sell
1585305227.7488,6666.5,0.01,Buy
1585305228.1234,6671.0,0.001,Sell
1585305234.2136,6667.5,0.124,Sell
1585305244.3604,6667.5,0.577,Buy
1585305263.3649,6666.0,0.887,Sell
1585305284.4414,6669.0,0.105,Buy
1585305284.4414,6668.0,0.01,Buy
1585305284.4414,6666.5,0.01,Buy
1585305301.3695,6669.5,0.277,Sell
1585305303.3713,6669.5,0.686,Buy
1585305305.3741,6669.5,0.737,Sell
1585305307.3758,6669.5,0.452,Buy
1585305337.3495,6669.5,0.474,Sell
1585305348.3511,6664.0,0.692,Sell
1585305359.354,6667.0,0.189,Buy
1585305370.3557,6665.0,0.736,Buy
1585305373.2913,6664.0,0.439,Sell
1585305397.3496,6667.5,0.275,Sell
1585305416.3513,6669.5,0.345,Sell
1585305418.7432,6669.5,0.234,Buy
1585305435.3539,6667.0,0.799,Sell
1585305473.3638,6665.0,4.53,Buy
1585305488.3473,6664.0,0.188,Sell
1585305489.3655,6664.5,1.33,Buy
1585305505.3684,6665.0,0.99,Sell
1585305520.63,6664.0,0.012,Sell
1585305521.3701,6665.0,0.866,Buy
1585305537.3726,6661.0,0.621,Sell
1585305541.3744,6661.5,3.524,Sell
1585305545.377,6661.0,0.343,Sell
1585305549.3788,6661.5,4.314,Sell
1585305577.35,6661.5,0.242,Sell
1585305600.3517,6662.0,0.877,Sell
1585305603.6147,6662.0,0.001,Sell
1585305623.3545,6666.5,0.856,Sell
1585305669.3597,6669.5,0.914,Sell
1585305671.3651,6669.5,0.469,Buy
1585305672.3668,6669.5,0.334,Sell
1585305697.3497,6666.0,0.619,Sell
1585305720.6391,6668.0,0.024,Buy
1585305729.354,6665.0,0.616,Sell
1585305745.3558,6665.5,2.224,Sell
1585305761.3583,6663.0,0.647,Buy
1585305784.9057,6666.0,0.027,Buy
1585305788.3601,6664.0,0.957,Buy
1585305815.3643,6665.0,0.578,Sell
1585305817.4821,6664.0,0.002,Sell
1585305869.37,6667.5,0.922,Sell
1585305897.3748,6661.0,1.924,Sell
1585305897.3748,6661.0,1.785,Sell
1585305907.3765,6660.5,0.686,Buy
1585305926.5048,6662.5,0.065,Sell
1585305937.3836,6665.5,0.199,Buy
1585305949.3853,6662.0,0.7,Buy
1585305961.3881,6663.0,0.161,Sell
1585305964.1325,6663.0,0.001,Sell
1585305973.3899,6663.0,0.098,Buy
1585305997.3496,6656.5,0.445,Sell
1585306033.3541,6656.0,1.683,Sell
1585306051.3559,6657.5,0.777,Sell
1585306069.3587,6659.0,0.733,Buy
1585306097.3603,6659.0,0.852,Sell
1585306125.3643,6664.0,0.034,Buy
1585306153.366,6661.5,0.399,Buy
1585306186.3759,6662.0,0.016,Sell
1585306191.3786,6662.5,0.317,Sell
1585306237.3499,6661.0,0.004,Sell
1585306245.3516,6661.0,0.179,Buy
1585306253.3545,6660.5,4.005,Sell
1585306261.3562,6659.0,0.076,Buy
1585306297.3496,6657.5,0.008,Sell
1585306311.3514,6656.5,0.23,Buy
1585306325.3542,6656.0,0.844,Sell
1585306357.3496,6656.5,0.005,Sell
1585306369.3512,6656.0,0.022,Sell
1585306381.3541,6656.5,4.233,Buy
1585306417.3496,6652.5,4.384,Buy
1585306429.3541,6651.5,0.318,Sell
1585306435.3558,6652.5,0.67,Sell
1585306477.3496,6652.0,0.845,Buy
1585306490.3513,6650.5,0.608,Sell
1585306503.3539,6651.0,0.156,Buy
1585306516.3557,6650.5,0.983,Buy
1585306543.3511,6650.5,0.935,Sell
1585306597.3545,6650.5,4.815,Buy
1585306659.3512,6650.5,2.61,Sell
1585306661.3538,6650.5,0.199,Sell
1585306671.5451,6650.0,0.027,Sell
1585306686.0487,6650.0,0.137,Sell
1585306686.1494,6650.0,0.1,Sell
1585306686.2486,6650.0,0.736,Sell
1585306717.3496,6642.5,2.917,Buy
1585306717.355,6642.0,0.1,Sell
1585306722.954,6643.5,0.931,Sell
