1594512003.1062,9231.0,0.001,Buy
1594512004.9594,9231.0,1.071,Buy
1594512005.0782,9231.0,0.957,Buy
1594512010.143,9230.5,0.001,Sell
1594512017.9349,9231.0,1.897,Buy
1594512028.0272,9231.5,1.793,Buy
1594512028.0272,9231.5,0.001,Buy
1594512028.0272,9231.0,0.015,Buy
1594512028.0272,9231.0,0.153,Buy
1594512028.0272,9231.0,0.001,Buy
1594512028.0272,9231.0,0.5,Buy
1594512028.0272,9231.0,0.002,Buy
1594512046.684,9231.5,0.1,Buy
1594512046.7843,9231.5,0.1,Buy
1594512046.8842,9231.5,0.007,Buy
1594512046.8842,9231.5,0.093,Buy
1594512046.9841,9231.5,0.1,Buy
1594512047.0842,9231.5,0.1,Buy
1594512047.1842,9231.5,0.1,Buy
1594512047.2846,9231.5,0.1,Buy
1594512047.3841,9231.5,0.1,Buy
1594512047.4841,9231.5,0.1,Buy
1594512047.5842,9231.5,0.1,Buy
1594512047.6842,9231.5,0.1,Buy
1594512047.7842,9231.5,0.002,Buy
1594512047.9095,9231.5,0.015,Sell
1594512058.9161,9231.5,0.012,Sell
1594512061.3968,9231.5,0.001,Sell
1594512062.6286,9231.5,0.001,Sell
1594512062.7386,9232.0,0.001,Buy
1594512062.7386,9232.0,0.001,Buy
1594512062.7386,9232.0,0.098,Buy
1594512062.924,9231.5,0.007,Sell
1594512063.5162,9231.5,0.001,Sell
1594512070.4271,9232.0,0.001,Buy
1594512070.6612,9232.0,0.001,Buy
1594512073.93,9231.5,0.012,Sell
1594512074.4765,9232.0,0.098,Buy
1594512074.4765,9232.0,0.002,Buy
1594512080.3034,9231.5,0.06,Sell
1594512110.4238,9232.0,0.044,Buy
1594512121.9249,9231.5,0.001,Sell
1594512133.9558,9232.0,0.001,Buy
1594512136.3285,9231.5,2.253,Sell
1594512136.3285,9231.5,0.001,Sell
1594512136.3285,9231.5,0.228,Sell
1594512136.3285,9231.5,0.108,Sell
1594512136.3285,9231.5,0.065,Sell
1594512142.554,9231.5,0.458,Buy
1594512144.003,9231.5,0.526,Buy
1594512146.0107,9231.5,0.003,Buy
1594512158.0183,9231.5,0.444,Buy
1594512162.5631,9231.5,0.009,Buy
1594512166.1858,9231.5,0.57,Buy
1594512173.0317,9231.5,0.093,Buy
1594512181.2432,9231.5,0.001,Buy
1594512182.5722,9231.5,0.003,Buy
1594512183.414,9231.5,2.0,Buy
1594512185.3182,9231.5,1.375,Buy
1594512185.3182,9231.5,0.065,Buy
1594512185.3182,9231.5,1.431,Buy
1594512185.3182,9231.5,1.483,Buy
1594512185.3182,9231.5,1.149,Buy
1594512185.3182,9231.5,4.0,Buy
1594512185.3182,9231.5,4.15,Buy
1594512185.3182,9231.5,0.237,Buy
1594512191.2733,9231.5,0.001,Sell
1594512200.584,9232.0,0.001,Buy
1594512200.584,9232.0,2.279,Buy
1594512200.584,9232.0,2.278,Buy
1594512200.584,9232.0,0.065,Buy
1594512241.3331,9232.0,0.001,Sell
1594512242.8442,9232.0,0.001,Sell
1594512246.3626,9232.5,0.001,Buy
1594512248.3747,9232.5,0.047,Buy
1594512248.881,9232.5,0.001,Buy
1594512251.3899,9233.0,0.002,Buy
1594512251.3899,9232.5,0.002,Buy
1594512251.3899,9232.5,0.05,Buy
1594512251.3899,9233.0,0.001,Buy
1594512253.5861,9234.0,0.001,Buy
1594512253.5861,9234.0,0.005,Buy
1594512253.5861,9234.0,0.002,Buy
1594512253.5861,9234.5,0.001,Buy
1594512253.5861,9234.5,0.001,Buy
1594512253.5861,9235.0,0.001,Buy
1594512253.5861,9235.0,0.988,Buy
1594512253.5861,9233.5,0.001,Buy
1594512261.1895,9235.0,0.214,Buy
1594512269.6841,9235.0,0.1,Buy
1594512269.7261,9235.5,0.001,Buy
1594512269.7261,9235.0,0.008,Buy
1594512269.7261,9235.0,0.005,Buy
1594512269.7261,9235.0,0.001,Buy
1594512275.5884,9237.5,0.194,Buy
1594512275.5884,9237.5,0.001,Buy
1594512275.5884,9237.0,0.001,Buy
1594512275.5884,9237.0,0.001,Buy
1594512275.5884,9237.0,0.001,Buy
1594512275.5884,9236.0,0.005,Buy
1594512275.5884,9236.5,0.001,Buy
1594512275.5884,9236.0,0.002,Buy
1594512275.5884,9236.0,0.001,Buy
1594512275.5884,9236.5,0.032,Buy
1594512275.5884,9236.0,0.001,Buy
1594512280.6934,9236.0,0.001,Buy
1594512284.1959,9236.0,0.001,Buy
1594512284.1959,9236.0,1.149,Buy
1594512284.1959,9236.5,0.002,Buy
1594512284.1959,9237.0,0.002,Buy
1594512284.1959,9237.0,0.846,Buy
1594512284.8862,9237.0,0.915,Buy
1594512291.1443,9237.0,0.012,Buy
1594512301.6237,9237.0,0.842,Buy
1594512306.1578,9237.0,0.019,Buy
1594512315.9136,9237.0,2.0,Buy
1594512362.1923,9237.0,0.001,Buy
1594512363.2128,9237.0,0.005,Buy
1594512363.6502,9237.0,0.003,Buy
1594512370.2223,9236.5,0.001,Sell
1594512378.2263,9237.0,0.085,Buy
1594512383.6588,9237.0,0.002,Buy
1594512393.2403,9237.0,0.7,Buy
1594512404.6675,9237.0,0.397,Buy
1594512407.254,9237.0,0.026,Buy
1594512420.2677,9237.0,0.004,Buy
1594512421.2342,9237.0,0.001,Buy
1594512421.315,9237.0,0.001,Buy
1594512425.6761,9237.0,0.011,Buy
1594512426.5886,9237.0,0.046,Buy
1594512429.2626,9236.5,0.001,Sell
1594512429.3538,9236.5,0.001,Sell
1594512541.2122,9236.5,0.001,Sell
1594512549.2414,9237.0,0.001,Buy
1594512571.1367,9237.0,0.399,Buy
1594512571.1367,9237.0,0.001,Buy
1594512571.1367,9237.0,0.2,Buy
1594512571.1367,9237.0,0.001,Buy
1594512571.1367,9237.0,0.001,Buy
1594512571.1367,9237.0,1.676,Buy
1594512573.4225,9237.5,0.015,Sell
1594512575.4303,9237.5,0.014,Sell
1594512576.5408,9238.0,0.001,Buy
1594512576.5408,9238.0,0.1,Buy
1594512576.5408,9238.0,0.05,Buy
1594512576.5408,9238.0,0.001,Buy
1594512576.5408,9238.0,0.003,Buy
1594512576.5408,9238.0,0.002,Buy
1594512576.6966,9238.5,0.001,Buy
1594512601.3732,9238.5,0.001,Sell
1594512601.8019,9239.0,0.022,Buy
1594512601.8019,9239.0,0.002,Buy
1594512601.8019,9239.0,0.001,Buy
1594512601.8019,9239.0,0.02,Buy
1594512601.8019,9239.0,0.005,Buy
1594512603.6179,9239.0,0.001,Buy
1594512610.6573,9238.5,0.001,Sell
1594512613.4051,9239.0,0.001,Buy
1594512625.4857,9239.0,0.01,Sell
1594512625.7596,9239.0,0.018,Sell
1594512636.4917,9239.0,0.002,Sell
1594512640.4992,9239.0,0.011,Sell
1594512644.7683,9239.0,0.023,Sell
1594512646.1866,9239.0,0.016,Sell
1594512651.5054,9239.0,0.937,Sell
1594512653.5134,9239.0,0.002,Sell
1594512663.5195,9239.0,0.703,Sell
1594512663.777,9239.0,0.277,Sell
1594512667.5271,9239.0,0.484,Sell
1594512676.1858,9239.0,0.075,Sell
1594512678.5333,9239.0,0.016,Sell
1594512680.5409,9239.0,0.017,Sell
1594512682.7856,9239.0,0.483,Sell
1594512690.5472,9239.0,0.405,Sell
1594512694.555,9239.0,0.009,Sell
1594512696.5589,9239.0,0.491,Sell
1594512701.794,9239.0,0.015,Sell
1594512706.1861,9239.0,0.077,Sell
1594512707.5628,9239.0,0.105,Sell
1594512709.5706,9239.0,0.015,Sell
1594512720.5783,9239.0,0.74,Sell
1594512722.0851,9239.0,0.001,Sell
1594512722.1257,9239.5,0.001,Buy
1594512722.2391,9239.0,0.001,Sell
1594512722.5863,9239.0,0.014,Sell
1594512722.8027,9239.0,0.018,Sell
1594512727.1134,9239.5,0.001,Buy
1594512731.2672,9239.5,0.001,Buy
1594512732.1536,9239.0,0.001,Sell
1594512733.5939,9239.0,0.005,Sell
1594512736.1859,9239.0,0.013,Sell
1594512737.6014,9239.0,0.014,Sell
1594512741.8115,9239.0,0.302,Sell
1594512741.8115,9239.0,0.132,Sell
1594512750.6092,9239.0,0.007,Sell
1594512754.6171,9239.0,0.55,Sell
1594512762.8202,9239.0,0.275,Sell
1594512766.1858,9239.0,0.024,Sell
1594512767.6253,9239.0,0.027,Sell
1594512769.633,9239.0,0.025,Sell
1594512780.6411,9239.0,0.122,Sell
1594512782.6487,9239.0,0.18,Sell
1594512783.8294,9239.0,0.013,Sell
1594512793.6565,9239.0,0.029,Sell
1594512841.2408,9239.5,0.001,Buy
1594512841.5024,9239.0,0.001,Sell
1594512847.5305,9239.5,0.001,Buy
1594512849.2707,9239.0,0.001,Sell
1594512901.327,9239.5,0.001,Buy
1594512901.3814,9239.5,0.099,Buy
1594512901.3814,9239.5,0.1,Buy
1594512901.6598,9240.0,0.001,Buy
1594512901.6598,9240.0,0.214,Buy
1594512901.6598,9240.0,0.002,Buy
1594512901.6645,9243.5,0.001,Buy
1594512901.6645,9243.5,0.001,Buy
1594512901.6645,9243.5,0.014,Buy
1594512901.6645,9243.5,0.1,Buy
1594512901.6645,9240.5,0.001,Buy
1594512901.6645,9240.5,0.001,Buy
1594512901.6645,9240.5,0.001,Buy
1594512901.6645,9241.0,0.001,Buy
1594512901.6645,9241.0,0.002,Buy
1594512901.6645,9241.0,0.005,Buy
1594512901.6645,9241.0,0.002,Buy
1594512901.6645,9241.5,0.001,Buy
1594512901.6645,9242.0,0.006,Buy
1594512901.6645,9242.0,0.001,Buy
1594512901.6645,9243.0,0.1,Buy
1594512901.6645,9243.0,0.002,Buy
1594512901.6645,9243.0,0.242,Buy
1594512901.6645,9243.0,0.001,Buy
1594512901.6645,9243.0,0.001,Buy
1594512901.6645,9241.5,0.005,Buy
1594512901.6645,9242.0,0.002,Buy
1594512901.6645,9242.0,0.002,Buy
1594512901.6645,9243.5,0.005,Buy
1594512901.6645,9242.0,0.001,Buy
1594512901.6645,9242.0,0.001,Buy
1594512901.6645,9242.5,0.001,Buy
1594512907.9841,9244.0,0.002,Buy
1594512907.9841,9244.0,0.054,Buy
1594512907.9841,9244.0,0.001,Buy
1594512907.9841,9244.0,0.001,Buy
1594512907.9841,9244.0,0.009,Buy
1594512907.9841,9244.0,0.001,Buy
1594512907.9841,9244.0,0.002,Buy
1594512907.9841,9244.0,0.015,Buy
1594512907.9841,9244.0,0.005,Buy
1594512907.9841,9244.0,0.001,Buy
1594512907.9841,9244.0,0.001,Buy
1594512907.9841,9244.0,0.001,Buy
1594512907.9841,9244.0,0.002,Buy
1594512907.9841,9244.0,0.001,Buy
1594512907.9841,9244.0,0.001,Buy
1594512907.9841,9244.0,0.002,Buy
1594512907.9841,9244.0,0.001,Buy
1594512908.0842,9244.0,0.1,Buy
1594512908.1841,9244.0,0.1,Buy
1594512909.3585,9243.5,0.001,Sell
1594512909.8842,9244.0,0.001,Buy
1594512909.8842,9244.0,0.015,Buy
1594512909.8842,9244.0,0.063,Buy
1594512909.8842,9244.0,0.011,Buy
1594512909.8842,9244.0,0.002,Buy
1594512909.8842,9244.0,0.002,Buy
1594512909.8842,9244.0,0.006,Buy
1594512924.6047,9244.0,0.037,Buy
1594512924.6047,9244.5,0.027,Buy
1594512924.6047,9244.5,0.001,Buy
1594512924.6047,9244.0,0.005,Buy
1594512924.6047,9244.0,0.002,Buy
1594512924.6047,9244.0,0.001,Buy
1594512924.6047,9244.0,0.001,Buy
1594512924.6047,9244.0,0.015,Buy
1594512924.6047,9244.0,0.001,Buy
1594512924.6047,9244.0,0.002,Buy
1594512924.6047,9244.0,0.001,Buy
1594512929.7433,9246.5,0.001,Buy
1594512929.7433,9247.0,0.435,Buy
1594512929.7433,9247.0,0.001,Buy
1594512929.7433,9246.0,0.002,Buy
1594512929.7433,9245.5,0.001,Buy
1594512929.7433,9246.0,0.001,Buy
1594512929.7433,9245.0,0.002,Buy
1594512929.7433,9245.0,0.05,Buy
1594512929.7433,9244.5,0.001,Buy
1594512929.7433,9246.0,0.005,Buy
1594512929.7433,9245.0,0.001,Buy
1594512935.4372,9247.0,0.01,Buy
1594512952.7939,9247.0,0.555,Buy
1594512957.8304,9247.5,0.905,Buy
1594512959.8379,9247.5,0.884,Buy
1594512961.2855,9247.5,0.001,Buy
1594512969.3194,9247.0,0.001,Sell
1594512969.7056,9247.0,0.1,Sell
1594512977.6596,9247.5,0.048,Buy
1594513003.9842,9247.5,0.1,Buy
1594513004.0841,9247.5,0.1,Buy
1594513004.1843,9247.5,0.1,Buy
1594513004.2845,9247.5,0.1,Buy
1594513004.3843,9247.5,0.1,Buy
1594513004.4841,9247.5,0.1,Buy
1594513004.5842,9247.5,0.1,Buy
1594513004.6841,9247.5,0.1,Buy
1594513009.54,9247.0,0.024,Sell
1594513013.15,9247.5,0.001,Buy
1594513013.15,9247.5,0.109,Buy
1594513013.1825,9248.0,0.002,Buy
1594513013.1825,9248.0,0.001,Buy
1594513013.1825,9248.0,0.001,Buy
1594513013.1825,9248.0,0.092,Buy
1594513013.1825,9248.0,0.5,Buy
1594513013.1825,9248.0,0.001,Buy
1594513013.1825,9248.0,0.108,Buy
1594513013.1825,9248.0,0.001,Buy
1594513013.2226,9248.5,0.001,Buy
1594513013.2226,9248.5,0.2,Buy
1594513013.2492,9249.0,0.02,Buy
1594513013.2492,9249.0,0.001,Buy
1594513013.2492,9249.0,0.002,Buy
1594513013.2492,9249.0,0.5,Buy
1594513013.2492,9249.0,0.08,Buy
1594513013.2492,9249.0,0.1,Buy
1594513013.2492,9249.0,0.005,Buy
1594513013.2492,9249.0,0.002,Buy
1594513013.2843,9249.5,0.032,Buy
1594513013.2843,9249.5,0.001,Buy
1594513013.3849,9250.0,0.006,Buy
1594513013.3849,9250.0,0.002,Buy
1594513013.3849,9250.0,0.034,Buy
1594513013.3849,9250.0,0.005,Buy
1594513013.3849,9250.0,0.001,Buy
1594513013.3849,9250.0,0.022,Buy
1594513013.3849,9250.0,0.004,Buy
1594513013.3849,9250.0,0.025,Buy
1594513013.3849,9250.0,0.001,Buy
1594513013.3908,9250.0,0.03,Buy
1594513013.3908,9250.0,0.03,Buy
1594513013.391,9250.0,0.07,Buy
1594513013.391,9254.0,0.001,Buy
1594513013.391,9253.0,0.002,Buy
1594513013.391,9253.0,0.003,Buy
1594513013.391,9253.0,0.002,Buy
1594513013.391,9253.0,0.001,Buy
1594513013.391,9252.0,0.002,Buy
1594513013.391,9252.0,0.001,Buy
1594513013.391,9251.5,0.002,Buy
1594513013.391,9251.0,0.002,Buy
1594513013.391,9251.0,0.005,Buy
1594513013.391,9254.0,0.185,Buy
1594513013.391,9251.0,0.001,Buy
1594513013.391,9251.0,0.01,Buy
1594513013.391,9254.0,0.001,Buy
1594513013.391,9251.0,0.001,Buy
1594513013.391,9250.5,0.5,Buy
1594513013.391,9250.5,0.001,Buy
1594513013.391,9250.0,0.1,Buy
1594513013.391,9250.0,1.0,Buy
1594513013.391,9250.0,0.005,Buy
1594513013.391,9250.0,0.027,Buy
1594513013.391,9250.0,0.1,Buy
1594513013.391,9250.0,0.009,Buy
1594513013.391,9250.0,0.021,Buy
1594513013.391,9250.0,0.002,Buy
1594513013.391,9250.0,0.181,Buy
1594513013.391,9250.5,0.001,Buy
1594513013.391,9250.0,0.01,Buy
1594513013.391,9253.0,0.005,Buy
1594513013.3959,9254.0,0.004,Buy
1594513013.3959,9254.0,0.057,Buy
1594513013.3959,9254.0,0.001,Buy
1594513013.3959,9254.0,0.12,Buy
1594513013.3959,9254.0,0.033,Buy
1594513013.3959,9254.0,0.004,Buy
1594513013.3959,9254.0,0.05,Buy
1594513013.3959,9254.5,0.048,Buy
1594513013.3959,9255.0,0.001,Buy
1594513013.3959,9255.0,0.001,Buy
1594513013.3959,9255.0,0.15,Buy
1594513013.3959,9255.0,0.001,Buy
1594513013.3961,9255.0,1.0,Buy
1594513013.3969,9255.0,0.28,Buy
1594513013.3969,9255.0,0.971,Buy
1594513013.3969,9255.0,0.005,Buy
1594513013.3969,9255.5,0.001,Buy
1594513013.3969,9255.5,0.001,Buy
1594513013.3969,9256.0,0.001,Buy
1594513013.3969,9256.0,0.001,Buy
1594513013.3969,9256.0,0.001,Buy
1594513013.3969,9256.0,0.001,Buy
1594513013.3969,9255.0,0.02,Buy
1594513013.3969,9256.0,0.003,Buy
1594513013.3969,9255.0,0.005,Buy
1594513013.3969,9256.5,0.815,Buy
1594513013.3969,9255.0,0.004,Buy
1594513013.3969,9249.5,0.15,Sell
1594513013.3969,9255.0,0.001,Buy
1594513013.3978,9260.0,0.001,Buy
1594513013.3978,9262.0,0.01,Buy
1594513013.3978,9262.0,0.001,Buy
1594513013.3978,9258.0,0.002,Buy
1594513013.3978,9262.0,0.001,Buy
1594513013.3978,9263.0,0.996,Buy
1594513013.3978,9259.0,0.001,Buy
1594513013.3978,9262.0,0.001,Buy
1594513013.3978,9261.5,0.23,Buy
1594513013.3978,9261.5,2.38,Buy
1594513013.3978,9258.0,0.2,Buy
1594513013.3978,9261.5,0.65,Buy
1594513013.3978,9261.0,1.98,Buy
1594513013.3978,9261.0,4.98,Buy
1594513013.3978,9261.0,0.005,Buy
1594513013.3978,9257.0,0.001,Buy
1594513013.3978,9257.0,0.001,Buy
1594513013.3978,9263.0,0.957,Buy
1594513013.3978,9257.0,0.001,Buy
1594513013.3978,9257.0,0.002,Buy
1594513013.3978,9257.0,0.001,Buy
1594513013.3978,9256.5,2.685,Buy
1594513013.3978,9257.0,0.1,Buy
1594513013.3978,9258.0,0.829,Buy
1594513013.3978,9258.0,0.001,Buy
1594513013.3978,9263.0,0.034,Buy
1594513013.3978,9263.0,0.002,Buy
1594513013.3978,9263.0,0.001,Buy
1594513013.3978,9263.0,0.001,Buy
1594513013.3978,9263.0,0.001,Buy
1594513013.3978,9263.0,0.001,Buy
1594513013.3978,9263.0,0.001,Buy
1594513013.3978,9263.0,0.001,Buy
1594513013.3978,9263.0,0.001,Buy
1594513013.3978,9262.0,0.001,Buy
1594513013.3978,9262.5,0.99,Buy
1594513013.3978,9258.5,0.76,Buy
1594513013.3978,9262.5,1.02,Buy
1594513013.3978,9258.5,5.7,Buy
1594513013.3978,9262.5,1.74,Buy
1594513013.3978,9258.5,1.12,Buy
1594513013.3978,9262.0,0.15,Buy
1594513013.3978,9258.5,0.1,Buy
1594513013.3978,9262.0,2.12,Buy
1594513013.3978,9258.0,0.001,Buy
1594513013.3978,9262.5,0.001,Buy
1594513013.3978,9260.0,0.092,Buy
1594513013.3978,9257.0,0.005,Buy
1594513013.3978,9257.5,0.006,Buy
1594513013.3978,9261.0,0.001,Buy
1594513013.3978,9261.0,0.001,Buy
1594513013.3978,9260.5,4.94,Buy
1594513013.3978,9260.5,7.7,Buy
1594513013.3978,9260.5,0.81,Buy
1594513013.3978,9260.5,1.35,Buy
1594513013.3978,9260.0,0.1,Buy
1594513013.3978,9260.0,9.24,Buy
1594513013.3978,9260.0,2.01,Buy
1594513013.3978,9261.0,0.003,Buy
1594513013.3978,9260.0,0.62,Buy
1594513013.3978,9260.0,0.132,Buy
1594513013.3978,9260.0,0.025,Buy
1594513013.3978,9260.0,3.0,Buy
1594513013.3978,9260.0,0.08,Buy
1594513013.3978,9260.0,5.721,Buy
1594513013.3978,9260.0,0.2,Buy
1594513013.3978,9260.0,0.005,Buy
1594513013.3978,9260.0,0.1,Buy
1594513013.3978,9260.0,0.01,Buy
1594513013.3978,9260.0,0.05,Buy
1594513013.3978,9257.0,0.126,Buy
1594513013.3978,9261.0,0.003,Buy
1594513013.3978,9261.0,4.66,Buy
1594513013.3978,9258.0,0.001,Buy
1594513013.3978,9258.0,0.001,Buy
1594513013.3978,9259.0,0.001,Buy
1594513013.3978,9259.0,0.02,Buy
1594513013.3978,9259.0,0.1,Buy
1594513013.3978,9259.0,0.005,Buy
1594513013.3978,9259.0,5.2,Buy
1594513013.3978,9259.0,3.0,Buy
1594513013.3978,9259.0,2.5,Buy
1594513013.3978,9261.0,1.0,Buy
1594513013.3978,9259.5,0.32,Buy
1594513013.3978,9259.5,0.064,Buy
1594513013.3978,9258.5,1.65,Buy
1594513013.3978,9259.5,0.58,Buy
1594513013.3978,9259.5,7.76,Buy
1594513013.3978,9259.5,0.1,Buy
1594513013.3978,9259.5,5.2,Buy
1594513013.3978,9260.0,0.001,Buy
1594513013.3978,9260.0,0.001,Buy
1594513013.3978,9260.0,0.001,Buy
1594513013.3978,9259.5,0.28,Buy
1594513013.3978,9258.5,0.52,Buy
1594513013.3978,9257.0,0.001,Buy
1594513013.3978,9263.0,1.24,Buy
1594513013.3978,9263.0,0.127,Buy
1594513013.3978,9263.0,0.073,Buy
1594513013.3978,9263.0,0.944,Buy
1594513013.3978,9263.0,0.001,Buy
1594513013.3978,9263.0,0.5,Buy
1594513013.4019,9263.0,0.148,Buy
1594513013.4019,9263.0,0.01,Buy
1594513013.4019,9263.0,0.005,Buy
1594513013.4019,9263.0,0.172,Buy
1594513013.4019,9263.0,0.975,Buy
1594513013.4019,9263.0,0.3,Buy
1594513013.4019,9263.0,0.488,Buy
1594513013.4019,9263.0,0.111,Buy
1594513013.402,9263.0,0.01,Buy
1594513013.402,9263.0,0.8,Buy
1594513013.4021,9263.0,0.3,Buy
1594513013.403,9263.0,1.267,Buy
1594513013.403,9263.5,0.046,Buy
1594513013.4033,9263.5,0.02,Buy
1594513013.4033,9263.5,0.05,Buy
1594513013.4049,9263.5,1.424,Buy
1594513013.4049,9263.5,0.576,Buy
1594513013.4079,9263.5,0.184,Buy
1594513013.4079,9263.5,0.223,Buy
1594513013.4082,9263.5,0.05,Buy
1594513013.4084,9264.0,1.62,Buy
1594513013.4084,9263.5,1.357,Buy
1594513013.4084,9264.0,0.001,Buy
1594513013.4084,9264.0,0.001,Buy
1594513013.4084,9264.0,0.001,Buy
1594513013.4084,9264.0,1.22,Buy
1594513013.4084,9264.0,0.58,Buy
1594513013.4084,9264.5,0.299,Buy
1594513013.4084,9264.5,0.002,Buy
1594513013.4084,9264.5,0.08,Buy
1594513013.4084,9265.0,0.111,Buy
1594513013.4084,9265.0,0.002,Buy
1594513013.4084,9265.0,0.002,Buy
1594513013.4084,9264.5,2.7,Buy
1594513013.4084,9265.0,0.002,Buy
1594513013.4084,9264.5,0.242,Buy
1594513013.4084,9265.0,0.001,Buy
1594513013.4084,9264.5,0.181,Buy
1594513013.4084,9265.0,0.25,Buy
1594513013.4084,9264.5,0.198,Buy
1594513013.4084,9265.0,0.001,Buy
1594513013.4089,9265.0,0.111,Buy
1594513013.4089,9265.5,1.097,Buy
1594513013.4089,9265.0,0.004,Buy
1594513013.4089,9265.5,0.903,Buy
1594513013.4089,9265.0,0.001,Buy
1594513013.4089,9265.0,1.64,Buy
1594513013.4089,9265.0,0.005,Buy
1594513013.4089,9265.0,0.139,Buy
1594513013.4089,9265.5,0.006,Buy
1594513013.4089,9265.0,0.039,Buy
1594513013.4089,9265.0,0.002,Buy
1594513013.4089,9265.5,0.953,Buy
1594513013.4094,9265.5,0.072,Buy
1594513013.41,9250.5,0.01,Sell
1594513013.41,9250.0,0.01,Sell
1594513013.41,9249.5,0.017,Sell
1594513013.41,9265.5,0.036,Buy
1594513013.4105,9266.0,0.001,Buy
1594513013.4105,9266.0,0.001,Buy
1594513013.4105,9266.0,1.224,Buy
1594513013.4105,9266.0,0.001,Buy
1594513013.4105,9266.0,0.001,Buy
1594513013.4105,9265.5,0.269,Buy
1594513013.4105,9266.0,0.001,Buy
1594513013.4105,9266.0,0.002,Buy
1594513013.4109,9266.0,1.2,Buy
1594513013.4111,9249.5,0.01,Sell
1594513013.4111,9249.5,0.056,Sell
1594513013.4132,9260.5,0.025,Buy
1594513013.4165,9258.5,0.725,Sell
1594513013.4166,9260.5,0.074,Buy
1594513013.4166,9266.0,1.026,Buy
1594513013.4166,9266.0,2.099,Buy
1594513013.4166,9266.0,1.93,Buy
1594513013.4187,9258.5,0.475,Sell
1594513013.4187,9249.5,0.916,Sell
1594513013.4187,9249.5,0.021,Sell
1594513013.4187,9266.0,0.02,Buy
1594513013.4227,9264.0,1.276,Buy
1594513013.423,9249.5,0.3,Sell
1594513013.423,9264.0,0.005,Buy
1594513013.423,9264.0,0.132,Buy
1594513013.423,9264.0,0.1,Buy
1594513013.4234,9264.0,0.93,Buy
1594513013.4256,9264.0,0.25,Buy
1594513013.5842,9253.5,0.891,Buy
1594513013.6842,9253.5,0.1,Buy
1594513013.7842,9253.5,0.415,Buy
1594513013.7842,9253.5,0.158,Buy
1594513013.8841,9253.5,0.1,Buy
1594513013.9842,9253.5,0.1,Buy
1594513014.0842,9253.5,0.1,Buy
1594513014.1057,9253.5,0.006,Buy
1594513014.1841,9253.5,0.75,Buy
1594513014.2842,9253.5,0.1,Buy
1594513014.3273,9253.5,0.242,Buy
1594513014.3703,9253.5,0.002,Buy
1594513014.3841,9253.5,0.665,Buy
1594513014.4471,9253.5,0.002,Buy
1594513014.4841,9253.5,0.1,Buy
1594513014.5842,9253.5,0.001,Buy
1594513014.5842,9253.5,0.001,Buy
1594513014.5842,9253.5,0.098,Buy
1594513014.6842,9253.5,0.1,Buy
1594513014.7841,9253.5,0.018,Buy
1594513014.7841,9253.5,0.001,Buy
1594513014.7841,9253.5,0.001,Buy
1594513014.7841,9253.5,0.002,Buy
1594513014.7841,9253.5,0.001,Buy
1594513014.7841,9253.5,0.002,Buy
1594513014.8841,9254.5,0.07,Buy
1594513014.8841,9254.5,0.009,Buy
1594513014.8841,9254.5,0.015,Buy
1594513014.8841,9254.5,0.005,Buy
1594513014.8841,9254.5,0.001,Buy
1594513014.8956,9254.0,0.02,Sell
1594513014.9842,9254.5,0.1,Buy
1594513015.0842,9254.5,0.1,Buy
1594513015.1843,9254.5,0.02,Buy
1594513015.1843,9254.5,0.001,Buy
1594513015.2843,9256.0,0.1,Buy
1594513015.3845,9256.0,0.1,Buy
1594513015.5843,9257.0,0.1,Buy
1594513015.6842,9258.0,0.1,Buy
1594513015.7841,9258.0,0.1,Buy
1594513015.9842,9259.0,0.1,Buy
1594513016.084,9259.0,0.849,Buy
1594513016.2581,9260.5,4.0,Buy
1594513016.2581,9260.0,4.0,Buy
1594513016.2581,9264.0,1.846,Buy
1594513016.2581,9263.0,0.054,Buy
1594513016.2581,9262.5,0.05,Buy
1594513016.2581,9261.0,0.05,Buy
1594513019.3227,9260.0,0.001,Buy
1594513021.1092,9260.0,0.216,Buy
1594513021.1092,9260.0,0.002,Buy
1594513021.1092,9260.0,0.065,Buy
1594513021.1842,9260.5,0.001,Buy
1594513021.1842,9260.5,0.002,Buy
1594513021.2842,9262.0,0.044,Buy
1594513021.2842,9262.0,0.024,Buy
1594513021.2842,9262.0,0.002,Buy
1594513021.2842,9262.0,0.001,Buy
1594513021.2842,9262.0,0.001,Buy
1594513021.2842,9262.0,0.008,Buy
1594513021.2842,9262.0,0.005,Buy
1594513021.2842,9262.0,0.015,Buy
1594513021.3843,9262.0,0.01,Buy
1594513021.3843,9262.0,0.09,Buy
1594513021.4843,9262.0,0.158,Buy
1594513021.4843,9262.0,0.018,Buy
1594513021.4843,9262.0,0.006,Buy
1594513021.5843,9262.0,0.1,Buy
1594513021.6844,9262.0,0.1,Buy
1594513021.7175,9261.5,0.001,Sell
1594513021.7842,9262.0,0.506,Buy
1594513021.8841,9262.0,0.1,Buy
1594513021.9848,9262.0,0.163,Buy
1594513022.0842,9262.0,0.142,Buy
1594513022.1348,9262.0,0.01,Buy
1594513022.1843,9262.0,0.1,Buy
1594513022.2841,9262.0,0.1,Buy
1594513022.3842,9262.0,0.1,Buy
1594513022.4841,9262.0,0.1,Buy
1594513022.5842,9262.0,0.1,Buy
1594513022.6841,9262.0,0.1,Buy
1594513022.7841,9262.0,0.1,Buy
1594513022.8842,9262.0,0.1,Buy
1594513022.9842,9262.0,0.1,Buy
1594513023.0841,9262.0,0.1,Buy
1594513023.1842,9262.0,0.1,Buy
1594513023.2842,9262.0,0.1,Buy
1594513029.7459,9262.5,0.001,Buy
1594513037.7384,9262.5,0.001,Buy
1594513037.9745,9262.0,0.002,Sell
1594513037.9745,9262.0,0.015,Sell
1594513037.9745,9262.0,0.004,Sell
1594513037.9745,9262.0,0.005,Sell
1594513037.9745,9262.0,0.001,Sell
1594513037.9745,9262.0,0.001,Sell
1594513037.9745,9262.0,0.1,Sell
1594513038.0279,9261.5,0.001,Buy
1594513038.2792,9261.5,0.001,Buy
1594513041.1844,9261.0,0.002,Sell
1594513041.1844,9261.0,0.001,Sell
1594513041.2842,9260.0,0.001,Sell
1594513041.2842,9260.0,0.002,Sell
1594513041.2842,9260.0,0.097,Sell
1594513041.3843,9260.0,0.1,Sell
1594513041.4842,9260.0,0.1,Sell
1594513042.1845,9259.0,0.002,Sell
1594513042.1845,9259.0,0.005,Sell
1594513042.1845,9259.0,0.001,Sell
1594513042.1845,9259.0,0.092,Sell
1594513042.2842,9259.0,0.1,Sell
1594513042.3842,9259.0,0.1,Sell
1594513042.4841,9259.0,0.001,Sell
1594513042.4841,9259.0,0.009,Sell
1594513042.4841,9259.0,0.178,Sell
1594513042.5841,9258.5,0.1,Sell
1594513042.6841,9258.5,0.1,Sell
1594513042.7841,9258.5,0.1,Sell
1594513042.8841,9258.5,0.1,Sell
1594513042.9208,9259.0,0.009,Buy
1594513042.9841,9258.5,0.1,Sell
1594513043.0841,9258.5,0.1,Sell
1594513047.9458,9259.0,0.061,Buy
1594513062.9626,9258.5,0.001,Sell
1594513075.7037,9258.5,0.016,Sell
1594513082.6536,9258.5,0.001,Sell
1594513082.8974,9258.5,0.001,Sell
1594513082.8974,9258.5,0.002,Sell
1594513082.8974,9258.5,2.264,Sell
1594513085.1007,9258.0,0.001,Sell
1594513085.1007,9258.0,0.001,Sell
1594513086.9633,9258.5,0.011,Buy
1594513094.2844,9258.0,0.002,Sell
1594513094.2844,9258.0,0.001,Sell
1594513094.6931,9257.5,0.001,Buy
1594513098.9764,9257.5,0.984,Buy
1594513099.2843,9257.0,0.054,Sell
1594513099.2843,9257.0,0.001,Sell
1594513099.2843,9257.0,0.001,Sell
1594513099.2843,9257.0,0.001,Sell
1594513099.2843,9257.0,0.001,Sell
1594513099.2843,9257.0,0.002,Sell
1594513099.2843,9257.0,0.001,Sell
1594513105.8629,9255.0,0.09,Sell
1594513105.8629,9255.0,0.001,Sell
1594513105.8629,9255.0,0.001,Sell
1594513105.8629,9255.5,0.005,Sell
1594513105.8629,9256.0,0.002,Sell
1594513105.8629,9256.0,0.108,Sell
1594513105.8629,9256.0,0.001,Sell
1594513105.8629,9256.0,0.001,Sell
1594513105.8629,9255.0,0.001,Sell
1594513106.7466,9255.0,0.002,Sell
1594513106.7466,9255.0,0.208,Sell
1594513114.6249,9255.0,1.6,Sell
1594513127.9222,9255.0,0.1,Sell
1594513129.7968,9255.0,0.1,Sell
1594513132.2139,9254.5,0.032,Sell
1594513132.2139,9254.5,0.049,Sell
1594513132.2139,9255.0,0.001,Sell
1594513132.2139,9255.0,0.002,Sell
1594513132.2139,9255.0,0.016,Sell
1594513132.7945,9254.5,0.002,Sell
1594513132.7945,9254.0,0.001,Sell
1594513132.7945,9254.0,0.001,Sell
1594513132.7945,9254.0,0.001,Sell
1594513132.7945,9254.0,0.495,Sell
1594513134.8166,9254.0,0.1,Sell
1594513135.9249,9254.0,0.1,Sell
1594513145.9122,9254.0,0.008,Sell
1594513145.9122,9254.0,0.001,Sell
1594513145.9122,9254.0,0.001,Sell
1594513145.9122,9253.5,0.09,Sell
1594513146.5886,9253.0,0.001,Sell
1594513146.5886,9253.5,0.001,Sell
1594513146.5886,9253.0,0.095,Sell
1594513146.5886,9253.0,0.002,Sell
1594513146.5886,9253.0,0.001,Sell
1594513175.8843,9253.0,0.001,Sell
1594513175.8843,9253.0,0.003,Sell
1594513175.8843,9253.0,0.002,Sell
1594513175.8843,9253.0,0.001,Sell
1594513186.0624,9253.0,0.005,Buy
1594513186.3523,9253.0,0.002,Buy
1594513190.0074,9253.0,0.028,Buy
1594513199.0757,9253.0,0.015,Buy
1594513201.523,9252.5,0.001,Sell
1594513201.6148,9253.0,0.001,Buy
1594513206.5556,9253.0,0.001,Buy
1594513208.6447,9252.5,0.001,Sell
1594513225.9209,9253.0,0.054,Buy
1594513225.9209,9253.0,0.005,Buy
1594513225.9209,9253.0,0.001,Buy
1594513225.9209,9253.0,0.015,Buy
1594513225.9209,9253.0,0.002,Buy
1594513225.9209,9253.0,2.279,Buy
1594513225.9209,9253.0,0.001,Buy
1594513225.9209,9253.0,0.1,Buy
1594513225.9209,9253.0,0.002,Buy
1594513233.8209,9253.0,0.1,Sell
1594513261.3083,9253.5,0.001,Buy
1594513262.2972,9253.5,0.001,Buy
1594513262.2972,9253.5,0.001,Buy
1594513262.2972,9253.5,0.037,Buy
1594513271.3355,9253.0,0.001,Sell
1594513314.129,9253.0,1.0,Sell
1594513321.2491,9253.5,0.03,Buy
1594513321.2491,9253.5,0.1,Buy
1594513321.2491,9253.5,0.1,Buy
1594513321.2931,9253.5,0.001,Buy
1594513329.3228,9253.0,0.001,Sell
1594513358.2359,9253.5,0.011,Sell
1594513360.2433,9253.5,0.001,Sell
1594513362.7828,9253.5,0.001,Sell
1594513366.1859,9253.5,0.005,Sell
1594513367.0837,9253.5,0.015,Sell
1594513370.2493,9253.5,0.018,Sell
1594513372.2568,9253.5,0.01,Sell
1594513381.3703,9253.5,0.001,Sell
1594513382.1256,9254.0,0.001,Buy
1594513382.2629,9253.5,0.01,Sell
1594513386.092,9253.5,0.21,Sell
1594513386.2703,9253.5,0.898,Sell
1594513390.1557,9253.5,0.001,Sell
1594513390.4018,9254.0,0.001,Buy
1594513396.1858,9253.5,0.504,Sell
1594513397.2763,9253.5,0.001,Sell
1594513399.2841,9253.5,0.926,Sell
1594513407.1007,9253.5,0.505,Sell
1594513409.29,9253.5,0.157,Sell
1594513411.2977,9253.5,0.004,Sell
1594513420.6544,9254.0,0.002,Buy
1594513420.6544,9254.0,0.001,Buy
1594513420.6544,9254.0,0.001,Buy
1594513420.6544,9254.0,0.099,Buy
1594513420.6544,9254.0,0.002,Buy
1594513420.6544,9254.0,0.2,Buy
1594513420.6544,9254.0,0.1,Buy
1594513420.6544,9254.0,0.009,Buy
1594513420.6544,9254.0,0.586,Buy
1594513441.1725,9253.5,0.001,Sell
1594513447.2001,9254.0,0.001,Buy
1594513463.1559,9253.5,1.0,Sell
1594513466.3498,9254.0,0.448,Sell
1594513468.1267,9254.0,0.011,Sell
1594513470.3576,9254.0,0.003,Sell
1594513483.3655,9254.0,0.213,Sell
1594513485.3732,9254.0,0.996,Sell
1594513489.1355,9254.0,0.025,Sell
1594513495.3795,9254.0,0.83,Sell
1594513499.387,9254.0,0.026,Sell
1594513501.3909,9254.0,0.012,Sell
1594513501.399,9254.0,0.001,Sell
1594513502.1222,9254.5,0.001,Buy
1594513508.1443,9254.0,0.004,Sell
1594513509.4289,9254.5,0.001,Buy
1594513510.1518,9254.0,0.001,Sell
1594513512.3948,9254.0,0.029,Sell
1594513516.4023,9254.0,0.005,Sell
1594513527.4085,9254.0,0.025,Sell
1594513529.1531,9254.0,0.013,Sell
1594513531.416,9254.0,0.001,Sell
1594513542.4223,9254.0,0.019,Sell
1594513544.43,9254.0,0.007,Sell
1594513549.472,9254.5,0.001,Buy
1594513549.472,9254.5,0.099,Buy
1594513550.1627,9254.0,0.018,Sell
1594513554.4362,9254.0,0.868,Sell
1594513558.4436,9254.0,0.284,Sell
1594513562.6397,9254.0,0.001,Sell
1594513566.6035,9255.0,0.002,Buy
1594513566.6035,9255.0,0.007,Buy
1594513566.6035,9255.0,0.001,Buy
1594513569.172,9254.5,0.936,Sell
1594513569.4501,9254.5,0.706,Sell
1594513573.4578,9254.5,0.01,Sell
1594513574.668,9255.0,0.001,Buy
1594513584.464,9254.5,0.519,Sell
1594513588.4717,9254.5,0.608,Sell
1594513608.2844,9254.5,0.065,Sell
1594513608.3841,9254.0,0.001,Sell
1594513608.3841,9254.0,0.001,Sell
1594513608.3841,9254.0,0.002,Sell
1594513612.4948,9253.5,0.58,Buy
1594513613.1917,9253.5,0.351,Buy
1594513624.5083,9253.5,0.751,Buy
1594513634.2009,9253.5,0.001,Buy
1594513636.1859,9253.5,0.201,Buy
1594513637.522,9253.5,0.023,Buy
1594513651.5356,9253.5,0.218,Buy
1594513655.2094,9253.5,0.318,Buy
1594513664.5492,9253.5,0.431,Buy
1594513666.186,9253.5,0.029,Buy
1594513681.2819,9253.0,0.001,Sell
1594513686.3107,9253.5,0.001,Buy
1594513723.7792,9253.5,0.001,Buy
1594513723.7792,9253.5,0.065,Buy
1594513724.5048,9254.0,0.002,Buy
1594513729.8689,9254.5,0.003,Buy
1594513729.8689,9256.0,0.001,Buy
1594513729.8689,9255.0,0.001,Buy
1594513729.8689,9254.5,0.001,Buy
1594513729.8689,9255.5,0.001,Buy
1594513729.8689,9255.5,0.001,Buy
1594513729.8689,9256.5,0.001,Buy
1594513729.8689,9257.0,0.001,Buy
1594513729.8689,9257.0,0.138,Buy
1594513745.9717,9257.5,0.001,Buy
1594513745.9717,9257.5,0.499,Buy
1594513747.2865,9258.0,0.303,Buy
1594513747.2865,9257.5,0.001,Buy
1594513747.2865,9258.0,0.001,Buy
1594513800.9509,9258.5,0.001,Buy
1594513800.9509,9258.5,0.001,Buy
1594513800.9509,9258.5,0.032,Buy
1594513800.9509,9258.5,0.712,Buy
1594513800.9512,9258.5,0.746,Buy
1594513802.8147,9258.5,0.001,Buy
1594513802.982,9258.5,0.001,Buy
1594513802.9847,9258.5,0.001,Buy
1594513803.7475,9258.5,0.001,Buy
1594513803.7475,9258.5,0.001,Buy
1594513803.7475,9258.5,0.213,Buy
1594513803.7842,9259.0,0.1,Buy
1594513803.8842,9259.0,0.001,Buy
1594513803.8842,9259.0,0.002,Buy
1594513803.9841,9260.0,0.001,Buy
1594513803.9841,9260.0,0.001,Buy
1594513803.9841,9260.0,0.002,Buy
1594513804.7014,9260.5,0.719,Sell
1594513807.6843,9261.0,0.001,Buy
1594513807.6843,9261.0,0.099,Buy
1594513807.7845,9261.0,0.099,Buy
1594513807.7845,9261.0,0.001,Buy
1594513807.8842,9261.0,0.009,Buy
1594513807.8842,9261.0,0.001,Buy
1594513807.8842,9261.0,0.009,Buy
1594513807.8842,9261.0,0.002,Buy
1594513807.8842,9261.0,0.002,Buy
1594513807.8842,9261.0,0.005,Buy
1594513810.0146,9261.0,0.001,Sell
1594513811.012,9261.0,0.001,Sell
1594513811.2773,9261.0,0.011,Sell
1594513811.3902,9261.5,0.005,Buy
1594513811.3902,9261.5,0.054,Buy
1594513811.3902,9262.0,0.001,Buy
1594513811.3902,9262.0,0.001,Buy
1594513811.3902,9262.0,0.002,Buy
1594513811.3902,9263.0,0.001,Buy
1594513811.3902,9263.0,0.001,Buy
1594513811.3902,9263.0,0.002,Buy
1594513811.3902,9263.0,0.005,Buy
1594513811.3902,9263.0,0.002,Buy
1594513811.3902,9263.5,0.048,Buy
1594513811.3902,9263.5,0.278,Buy
1594513812.8462,9263.0,0.001,Sell
1594513818.0918,9263.5,0.185,Buy
1594513818.0918,9263.5,0.3,Buy
1594513818.0918,9263.5,0.015,Buy
1594513822.7491,9263.5,0.324,Buy
1594513822.7646,9263.5,0.324,Buy
1594513828.0331,9263.5,0.691,Buy
1594513829.2279,9263.5,0.002,Buy
1594513829.2279,9263.5,0.001,Buy
1594513829.2279,9263.5,0.002,Buy
1594513829.2279,9263.5,0.319,Buy
1594513835.3285,9263.5,0.324,Buy
1594513841.06,9263.5,0.1,Buy
1594513846.9979,9264.0,1.298,Buy
1594513846.9979,9264.0,0.001,Buy
1594513846.9979,9264.0,0.001,Buy
1594513846.9979,9263.5,0.001,Buy
1594513846.9979,9263.5,0.005,Buy
1594513846.9979,9263.5,1.362,Buy
1594513846.9979,9263.5,0.001,Buy
1594513849.1776,9264.0,0.002,Buy
1594513849.1776,9264.0,0.045,Buy
1594513861.6244,9264.0,0.001,Buy
1594513864.9512,9264.0,0.254,Buy
1594513864.9512,9264.0,0.746,Buy
1594513869.6556,9263.5,0.001,Sell
1594513871.692,9264.0,0.004,Buy
1594513872.2551,9264.0,0.2,Buy
1594513891.5977,9261.5,0.09,Sell
1594513891.5977,9262.0,0.002,Sell
1594513891.5977,9262.0,0.001,Sell
1594513891.5977,9263.0,0.001,Sell
1594513891.5977,9263.0,0.002,Sell
1594513891.5977,9263.0,0.001,Sell
1594513891.5977,9263.5,0.002,Sell
1594513891.5977,9262.0,0.001,Sell
1594513916.8156,9261.5,1.0,Sell
1594513921.6279,9261.5,0.002,Sell
1594513921.6279,9261.5,0.015,Sell
1594513921.6279,9261.5,0.005,Sell
1594513921.6279,9261.5,0.001,Sell
1594513921.6279,9261.5,0.001,Sell
1594513923.0228,9261.0,0.002,Sell
1594513923.0228,9261.0,0.001,Sell
1594513923.0228,9261.0,0.001,Sell
1594513923.0228,9261.0,0.002,Sell
1594513923.2862,9260.0,0.001,Sell
1594513923.2862,9260.0,0.001,Sell
1594513923.2862,9260.0,0.005,Sell
1594513923.2862,9260.0,0.002,Sell
1594513927.199,9259.0,0.001,Sell
1594513927.199,9259.0,0.001,Sell
1594513928.3335,9259.5,0.023,Buy
1594513934.8251,9259.5,0.933,Buy
1594513936.1859,9259.5,0.008,Buy
1594513938.8327,9259.5,0.026,Buy
1594513948.3423,9259.5,0.004,Buy
1594513950.8405,9259.5,0.082,Buy
1594513952.3441,9259.0,0.002,Sell
1594513952.3441,9259.0,0.009,Sell
1594513952.3441,9259.0,0.001,Sell
1594513952.3441,9259.0,0.002,Sell
1594513952.3441,9259.0,0.001,Sell
1594513952.3441,9259.0,0.002,Sell
1594513954.9926,9258.0,0.001,Sell
1594513954.9926,9258.0,0.001,Sell
1594513954.9926,9258.0,0.028,Sell
1594513960.0781,9258.0,0.002,Sell
1594513960.0781,9258.0,0.001,Sell
1594513968.2002,9257.5,0.001,Sell
1594513968.2002,9257.5,0.002,Sell
1594513968.2002,9257.5,0.054,Sell
1594513968.2002,9257.5,0.002,Sell
1594513969.3512,9257.5,0.767,Buy
1594513979.87,9257.5,0.293,Buy
1594513981.4884,9257.0,0.001,Sell
1594513983.0842,9257.0,0.001,Sell
1594513983.0842,9257.0,0.001,Sell
1594513983.0842,9257.0,0.001,Sell
1594513983.0842,9257.0,0.002,Sell
1594513984.0843,9256.0,0.001,Sell
1594513984.0843,9256.0,0.001,Sell
1594513984.0843,9256.0,0.002,Sell
1594513984.0843,9256.0,0.005,Sell
1594513984.0843,9256.0,0.091,Sell
1594513984.1842,9256.0,0.017,Sell
1594513989.516,9255.5,0.001,Buy
1594513990.3601,9255.5,0.312,Buy
1594513991.8837,9255.5,0.016,Buy
1594513995.3621,9254.0,0.029,Sell
1594513995.3621,9254.0,0.001,Sell
1594513995.3621,9254.0,0.001,Sell
1594513995.3621,9254.0,0.001,Sell
1594513995.3621,9255.0,0.002,Sell
1594513995.3621,9255.0,0.001,Sell
1594513995.3621,9255.0,0.001,Sell
1594513995.3621,9255.0,0.001,Sell
1594513995.3621,9255.0,0.002,Sell
1594513995.3681,9254.0,0.075,Sell
1594514025.6237,9254.5,0.99,Buy
1594514025.6237,9254.5,0.01,Buy
1594514041.2706,9254.5,0.001,Buy
1594514042.5346,9254.0,0.001,Sell
1594514042.7059,9254.0,0.001,Sell
1594514042.7594,9254.0,0.001,Sell
1594514048.7865,9254.5,0.001,Buy
1594514049.2985,9254.0,0.001,Sell
1594514051.5625,9254.5,0.001,Buy
1594514054.7348,9254.5,0.001,Buy
1594514089.2937,9254.5,1.0,Buy
1594514089.2937,9254.5,0.303,Buy
1594514093.3559,9254.5,2.267,Buy
1594514099.1783,9254.5,0.001,Buy
1594514099.1783,9254.5,2.279,Buy
1594514099.1783,9254.5,0.001,Buy
1594514107.6297,9254.5,0.5,Sell
1594514108.0021,9254.5,0.539,Sell
1594514108.4097,9254.5,0.013,Sell
1594514110.0103,9254.5,0.157,Sell
1594514120.0163,9254.5,0.016,Sell
1594514122.0241,9254.5,0.883,Sell
1594514127.4183,9254.5,0.809,Sell
1594514132.0303,9254.5,0.13,Sell
1594514134.0379,9254.5,0.074,Sell
1594514136.9077,9255.0,0.022,Buy
1594514136.9077,9255.0,0.35,Buy
1594514136.9077,9255.0,0.002,Buy
1594514136.9077,9255.5,0.001,Buy
1594514136.9077,9256.0,0.001,Buy
1594514136.9077,9256.0,0.002,Buy
1594514136.9077,9257.0,0.001,Buy
1594514136.9077,9257.0,1.619,Buy
1594514136.9077,9255.0,0.001,Buy
1594514136.9077,9256.5,0.001,Buy
1594514147.3705,9257.0,0.002,Buy
1594514147.3705,9257.0,0.698,Buy
1594514161.2994,9256.5,0.001,Sell
1594514163.0061,9256.5,0.01,Sell
1594514166.3311,9257.0,0.001,Buy
1594514186.8254,9257.0,0.01,Buy
1594514223.4745,9256.5,0.005,Sell
1594514261.5581,9257.0,0.219,Buy
1594514282.2037,9257.0,0.001,Buy
1594514290.2312,9256.5,0.001,Sell
1594514319.4976,9256.0,0.001,Sell
1594514319.4976,9256.0,0.001,Sell
1594514319.4976,9256.0,0.002,Sell
1594514319.8692,9255.5,0.001,Sell
1594514319.8692,9255.5,0.003,Sell
1594514320.3848,9255.0,0.001,Sell
1594514320.3848,9255.0,0.002,Sell
1594514320.3848,9255.0,0.003,Sell
1594514320.3848,9255.0,0.001,Sell
1594514320.5218,9254.5,0.005,Sell
1594514320.6841,9254.0,0.001,Sell
1594514320.6841,9254.0,0.001,Sell
1594514320.6841,9254.0,0.002,Sell
1594514320.7842,9253.0,0.002,Sell
1594514320.7842,9253.0,0.002,Sell
1594514320.7842,9253.0,0.001,Sell
1594514320.7842,9253.0,0.001,Sell
1594514321.6842,9252.5,0.088,Sell
1594514321.6842,9252.5,0.003,Sell
1594514321.6842,9252.5,0.005,Sell
1594514321.6842,9252.5,0.001,Sell
1594514321.6842,9252.5,0.001,Sell
1594514321.6842,9252.5,0.001,Sell
1594514321.6842,9252.5,0.001,Sell
1594514321.7842,9252.5,0.1,Sell
1594514321.8841,9252.5,0.028,Sell
1594514321.8841,9252.5,0.002,Sell
1594514321.9452,9250.5,0.002,Sell
1594514321.9452,9250.5,0.004,Sell
1594514321.9452,9251.0,0.001,Sell
1594514321.9452,9250.5,0.005,Sell
1594514321.9452,9251.0,0.001,Sell
1594514321.9452,9251.5,0.032,Sell
1594514321.9452,9252.0,0.002,Sell
1594514321.9452,9252.0,0.001,Sell
1594514321.9452,9252.0,0.001,Sell
1594514321.9452,9251.0,0.001,Sell
1594514323.4474,9250.0,0.001,Sell
1594514323.4474,9250.0,0.001,Sell
1594514323.4474,9250.0,0.258,Sell
1594514323.4474,9250.0,0.001,Sell
1594514323.4474,9250.0,0.002,Sell
1594514323.4474,9250.0,0.034,Sell
1594514323.4474,9250.0,0.006,Sell
1594514323.4533,9250.0,0.219,Sell
1594514326.9631,9250.5,0.012,Buy
1594514341.2895,9250.5,0.001,Buy
1594514342.6794,9250.5,0.001,Buy
1594514349.3206,9250.0,0.001,Sell
1594514352.7266,9250.0,0.001,Sell
1594514402.3439,9250.0,0.01,Sell
1594514403.1881,9250.5,0.001,Buy
1594514410.2182,9250.0,0.001,Sell
1594514462.3636,9250.0,0.001,Sell
1594514470.3941,9250.5,0.001,Buy
1594514474.0111,9250.5,0.5,Buy
1594514487.5087,9250.5,0.364,Buy
1594514487.5087,9250.5,0.05,Buy
1594514487.5087,9250.5,0.285,Buy
1594514487.5087,9250.5,0.001,Buy
1594514499.4072,9250.5,0.019,Buy
1594514505.5859,9250.5,0.727,Buy
1594514506.1858,9250.5,0.007,Buy
1594514511.4212,9250.5,0.001,Buy
1594514522.6163,9250.0,0.001,Sell
1594514523.4369,9250.5,0.679,Buy
1594514524.5943,9250.5,0.712,Buy
1594514534.6451,9250.5,0.001,Buy
1594514536.1858,9250.5,0.018,Buy
1594514536.4509,9250.5,0.349,Buy
1594514544.6028,9250.5,0.335,Buy
1594514550.4659,9250.5,0.029,Buy
1594514563.4799,9250.5,0.873,Buy
1594514565.6127,9250.5,0.014,Buy
1594514566.1859,9250.5,0.017,Buy
1594514578.4935,9250.5,0.001,Buy
1594514581.4717,9250.5,0.001,Buy
1594514585.6214,9250.5,0.003,Buy
1594514585.6214,9250.5,0.026,Buy
1594514589.5011,9250.0,0.001,Sell
1594514592.5071,9250.5,0.01,Buy
1594514596.1859,9250.5,0.007,Buy
1594514605.5206,9250.5,0.02,Buy
1594514605.63,9250.5,0.019,Buy
1594514611.6173,9250.0,0.01,Sell
1594514619.5339,9250.5,0.025,Buy
1594514625.6387,9250.5,0.294,Buy
1594514626.1859,9250.5,0.003,Buy
1594514631.5473,9250.5,0.005,Buy
1594514641.3126,9250.0,0.001,Sell
1594514641.3646,9250.0,0.001,Sell
1594514644.561,9250.5,0.504,Buy
1594514644.6472,9250.5,0.551,Buy
1594514646.343,9250.5,0.001,Buy
1594514647.394,9250.5,0.001,Buy
1594514671.923,9250.0,0.1,Sell
1594514703.3075,9250.0,0.001,Sell
1594514712.3374,9250.5,0.001,Buy
1594514762.0164,9250.5,0.001,Buy
1594514768.7198,9250.0,0.022,Sell
1594514770.0466,9250.0,0.001,Sell
1594514803.6965,9250.0,0.015,Sell
1594514816.3281,9250.5,0.018,Buy
1594514821.205,9250.5,0.001,Buy
1594514829.2369,9250.0,0.001,Sell
1594514845.5239,9250.0,0.031,Sell
1594514881.3514,9250.5,0.001,Buy
1594514891.3818,9250.0,0.001,Sell
1594514929.9136,9250.0,0.009,Sell
1594514929.9136,9250.0,0.005,Sell
1594514929.9136,9250.0,0.001,Sell
1594514929.9136,9250.0,0.001,Sell
1594514929.9136,9250.0,0.016,Sell
1594514929.9136,9250.0,0.002,Sell
1594514929.9136,9250.0,0.001,Sell
1594514929.9136,9250.0,0.05,Sell
1594514929.9136,9250.0,0.1,Sell
1594514929.9136,9250.0,0.001,Sell
1594514929.9136,9250.0,0.323,Sell
1594514929.9136,9250.0,0.001,Sell
1594514940.8924,9249.0,0.002,Sell
1594514940.8924,9249.0,0.001,Sell
1594514940.8924,9249.0,0.001,Sell
1594514940.8924,9249.0,0.002,Sell
1594514940.8924,9248.0,0.001,Sell
1594514940.8924,9248.0,0.092,Sell
1594514940.8924,9248.0,0.001,Sell
1594514940.8924,9248.0,0.005,Sell
1594514940.8924,9248.0,0.001,Sell
1594514940.8924,9248.0,0.002,Sell
1594514940.8924,9246.5,1.787,Sell
1594514940.8924,9247.0,0.002,Sell
1594514940.8924,9248.0,0.001,Sell
1594514940.8924,9247.0,0.1,Sell
1594514940.8924,9247.0,0.001,Sell
1594514940.8924,9247.0,0.001,Sell
1594514941.814,9246.5,0.001,Sell
1594514949.8535,9247.0,0.001,Buy
1594514969.4987,9246.5,0.216,Sell
1594514969.4987,9246.5,0.001,Sell
1594514969.4987,9246.5,0.002,Sell
1594514969.4987,9246.5,0.006,Sell
1594514969.4987,9246.5,0.006,Sell
1594514969.4987,9246.5,0.001,Sell
1594514969.4987,9246.5,0.002,Sell
1594514969.4987,9246.5,0.015,Sell
1594514969.4987,9246.5,0.054,Sell
1594514971.0259,9246.0,2.262,Sell
1594514971.0259,9246.0,0.002,Sell
1594514971.0259,9246.0,0.001,Sell
1594514971.0259,9246.0,0.001,Sell
1594515002.0251,9245.5,0.001,Buy
1594515002.3466,9245.0,0.001,Sell
1594515009.0725,9245.0,0.001,Sell
1594515014.3772,9245.5,0.001,Buy
1594515047.836,9245.5,0.009,Buy
1594515105.4186,9245.0,0.06,Sell
1594515111.7203,9245.5,0.8,Buy
1594515121.2079,9245.5,0.001,Buy
1594515121.2641,9245.0,0.001,Sell
1594515126.3008,9245.5,0.001,Buy
1594515129.2542,9245.0,0.001,Sell
1594515241.5231,9245.0,0.001,Sell
1594515242.2784,9245.5,0.001,Buy
1594515247.5528,9245.5,0.001,Buy
1594515250.3092,9245.0,0.001,Sell
1594515273.8274,9245.0,0.049,Sell
1594515282.317,9245.0,0.047,Sell
1594515301.3011,9245.5,0.001,Buy
1594515309.3325,9245.0,0.001,Sell
1594515351.8841,9245.5,2.403,Buy
1594515351.8841,9245.5,0.097,Buy
1594515355.2785,9245.5,0.011,Buy
1594515362.1914,9245.0,0.001,Sell
1594515367.9623,9245.5,0.469,Buy
1594515369.2921,9245.5,0.001,Buy
1594515371.2225,9245.5,0.001,Buy
1594515376.1858,9245.5,0.846,Buy
1594515383.3071,9245.5,0.99,Buy
1594515387.9709,9245.5,0.023,Buy
1594515397.3209,9245.5,0.487,Buy
1594515399.3284,9245.5,0.359,Buy
1594515399.3284,9245.5,0.335,Buy
1594515406.9818,9245.5,0.01,Buy
1594515411.3365,9245.5,0.003,Buy
1594515421.9699,9245.0,0.001,Sell
1594515422.3539,9245.5,0.001,Buy
1594515425.3503,9245.5,0.003,Buy
1594515425.9903,9245.5,0.006,Buy
1594515430.0,9245.5,0.001,Buy
1594515432.3849,9245.0,0.001,Sell
1594515438.3643,9245.5,0.004,Buy
1594515439.8579,9245.0,0.037,Sell
1594515483.482,9245.0,0.001,Sell
1594515495.5203,9245.5,0.001,Buy
1594515537.4591,9245.5,0.006,Buy
1594515546.0435,9245.5,0.025,Buy
1594515546.1734,9245.5,3.0,Buy
1594515601.6732,9245.5,0.001,Buy
1594515602.1381,9245.5,0.008,Buy
1594515602.1381,9245.5,0.015,Buy
1594515602.1381,9245.5,0.005,Buy
1594515602.1381,9245.5,0.001,Buy
1594515602.1381,9245.5,0.001,Buy
1594515602.1381,9245.5,0.001,Buy
1594515602.1381,9245.5,0.054,Buy
1594515608.7061,9245.5,0.001,Sell
1594515620.7127,9246.0,0.001,Buy
1594515620.7127,9246.0,0.002,Buy
1594515651.605,9246.5,0.001,Buy
1594515651.605,9246.5,0.002,Buy
1594515651.605,9247.0,0.001,Buy
1594515651.605,9247.0,0.002,Buy
1594515651.605,9247.5,0.001,Buy
1594515651.605,9247.5,0.005,Buy
1594515651.605,9248.0,0.001,Buy
1594515651.605,9248.0,0.002,Buy
1594515651.605,9248.5,0.001,Buy
1594515651.605,9248.5,0.284,Buy
1594515652.5924,9248.5,0.303,Buy
1594515656.5744,9248.5,0.021,Buy
1594515661.2563,9248.0,0.001,Sell
1594515661.2952,9248.0,0.001,Sell
1594515662.0961,9248.5,0.01,Buy
1594515666.0336,9248.5,0.214,Buy
1594515666.0336,9248.5,0.001,Buy
1594515666.0336,9248.5,0.001,Buy
1594515666.0336,9248.5,0.001,Buy
1594515666.3051,9249.0,0.001,Buy
1594515666.3051,9249.0,0.002,Buy
1594515666.401,9249.5,0.005,Buy
1594515666.401,9249.5,0.001,Buy
1594515669.325,9250.0,0.001,Buy
1594515670.2847,9250.0,0.001,Buy
1594515670.971,9250.0,0.001,Buy
1594515670.971,9250.0,0.193,Buy
1594515671.0844,9250.0,0.1,Buy
1594515671.1397,9250.0,0.856,Buy
1594515671.1841,9250.5,0.001,Buy
1594515671.1841,9250.5,0.032,Buy
1594515671.2841,9251.0,0.002,Buy
1594515671.2841,9251.0,0.001,Buy
1594515671.3842,9251.5,0.001,Buy
1594515671.484,9252.0,0.001,Buy
1594515671.484,9252.0,0.002,Buy
1594515671.484,9252.0,0.005,Buy
1594515721.2765,9252.0,0.001,Sell
1594515733.3116,9252.5,0.001,Buy
1594515753.6734,9252.5,0.559,Buy
1594515759.1396,9252.5,0.021,Buy
1594515765.6873,9252.5,0.022,Buy
1594515778.1484,9252.5,0.024,Buy
1594515779.7025,9252.5,0.607,Buy
1594515781.8207,9252.5,0.001,Buy
1594515791.8525,9252.0,0.001,Sell
1594515796.718,9252.5,0.009,Buy
1594515797.1571,9252.5,0.014,Buy
1594515822.839,9252.5,0.002,Buy
1594515822.839,9252.5,0.008,Buy
1594515826.8863,9253.0,0.001,Buy
1594515826.8863,9253.0,0.002,Buy
1594515826.8863,9253.0,0.008,Buy
1594515827.7534,9253.0,0.015,Sell
1594515829.3433,9253.5,0.001,Buy
1594515829.3713,9255.5,0.004,Buy
1594515829.3713,9255.5,0.001,Buy
1594515829.3713,9255.0,0.002,Buy
1594515829.3713,9255.0,0.001,Buy
1594515829.3713,9254.5,0.001,Buy
1594515829.3713,9254.5,0.005,Buy
1594515829.3713,9254.0,0.002,Buy
1594515829.3713,9254.0,0.001,Buy
1594515829.3713,9254.0,0.001,Buy
1594515829.3713,9255.0,0.001,Buy
1594515829.3713,9256.0,0.001,Buy
1594515829.3713,9256.0,0.091,Buy
1594515841.1136,9255.5,0.001,Sell
1594515842.8931,9255.5,0.001,Sell
1594515847.1428,9256.0,0.001,Buy
1594515847.9226,9256.0,0.001,Buy
1594515872.1031,9256.0,0.001,Buy
1594515872.1031,9256.0,0.003,Buy
1594515872.1031,9256.0,0.007,Buy
1594515872.1031,9256.0,0.001,Buy
1594515872.1031,9256.0,0.188,Buy
1594515876.1914,9256.0,0.006,Buy
1594515886.807,9256.0,0.76,Buy
1594515896.2,9256.0,0.321,Buy
1594515898.822,9256.0,0.009,Buy
1594515911.8356,9256.0,0.02,Buy
1594515915.2086,9256.0,0.524,Buy
1594515915.8432,9256.0,0.333,Buy
1594515926.8077,9255.5,2.279,Sell
1594515926.8077,9255.5,1.721,Sell
1594515927.851,9256.0,0.902,Buy
1594515934.217,9256.0,0.007,Buy
1594515940.8664,9256.0,0.295,Buy
1594515942.8741,9256.0,0.027,Buy
1594515954.2257,9256.0,0.848,Buy
1594515954.882,9256.0,0.006,Buy
1594515961.2089,9256.0,0.001,Buy
1594515969.2407,9255.5,0.001,Sell
1594515969.8957,9256.0,0.007,Buy
1594515974.2344,9256.0,0.003,Buy
1594515984.9099,9256.0,0.019,Buy
1594515994.2347,9255.5,0.016,Sell
1594515994.2431,9256.0,0.005,Buy
1594515998.9244,9256.0,0.008,Buy
1594516000.9322,9256.0,0.024,Buy
1594516000.9629,9255.5,1.0,Sell
1594516012.9399,9256.0,0.005,Buy
1594516015.2521,9256.0,0.026,Buy
1594516021.9342,9256.0,0.001,Buy
1594516022.0813,9256.0,0.001,Buy
1594516026.9533,9256.0,0.003,Buy
1594516029.9716,9255.5,0.001,Sell
1594516030.1163,9255.5,0.001,Sell
1594516035.2609,9256.0,0.003,Buy
1594516039.9669,9256.0,0.027,Buy
1594516054.2696,9256.0,0.243,Buy
1594516054.9807,9256.0,0.018,Buy
1594516068.9941,9256.0,0.243,Buy
1594516073.2782,9256.0,0.288,Buy
1594516076.2842,9255.5,0.1,Sell
1594516076.2976,9255.5,0.198,Sell
1594516076.2976,9255.5,0.468,Sell
1594516076.3753,9255.0,0.001,Sell
1594516076.3753,9255.0,0.001,Sell
1594516076.3753,9255.0,0.1,Sell
1594516076.3753,9255.0,0.002,Sell
1594516076.3753,9255.0,0.3,Sell
1594516079.0328,9253.5,0.005,Sell
1594516079.0328,9254.0,0.002,Sell
1594516079.0328,9254.0,0.002,Sell
1594516079.0328,9254.0,0.001,Sell
1594516079.0328,9254.0,0.001,Sell
1594516079.0328,9254.0,0.001,Sell
1594516079.0328,9254.0,0.002,Sell
1594516079.4842,9253.0,0.001,Sell
1594516079.4842,9253.0,0.001,Sell
1594516079.4842,9253.0,0.002,Sell
1594516083.0091,9252.5,0.009,Buy
1594516091.7999,9252.5,0.01,Buy
1594516092.287,9252.5,0.036,Buy
1594516097.0226,9252.5,0.013,Buy
1594516103.7329,9252.0,0.001,Sell
1594516110.0364,9252.5,0.006,Buy
1594516112.2957,9252.5,0.274,Buy
1594516124.0508,9252.5,0.029,Buy
1594516132.3046,9252.5,0.798,Buy
1594516135.4957,9252.5,0.091,Buy
1594516136.0646,9252.5,0.565,Buy
1594516141.2167,9252.0,0.001,Sell
1594516149.2541,9252.5,0.001,Buy
1594516150.0799,9252.5,0.028,Buy
1594516152.3134,9252.5,0.015,Buy
1594516197.5323,9252.0,0.1,Sell
1594516201.2897,9252.5,0.001,Buy
1594516201.4888,9252.0,0.001,Sell
1594516208.3295,9252.0,0.001,Sell
1594516213.5193,9252.5,0.001,Buy
1594516277.8107,9252.0,0.228,Sell
1594516277.8107,9252.0,0.001,Sell
1594516277.8107,9252.0,0.9,Sell
1594516319.9416,9252.0,1.355,Sell
1594516321.2711,9252.5,0.001,Buy
1594516321.2905,9252.0,0.001,Sell
1594516321.6524,9252.0,0.001,Sell
1594516326.3194,9252.5,0.001,Buy
1594516330.6836,9252.5,0.001,Buy
1594516331.3057,9252.0,0.001,Sell
1594516409.7193,9249.5,0.312,Sell
1594516409.7193,9250.0,0.002,Sell
1594516409.7193,9250.0,0.001,Sell
1594516409.7193,9250.0,0.005,Sell
1594516409.7193,9250.0,0.001,Sell
1594516409.7193,9250.5,0.015,Sell
1594516409.7193,9252.0,0.003,Sell
1594516409.7193,9251.0,0.002,Sell
1594516409.7193,9251.0,0.001,Sell
1594516409.7193,9251.0,0.001,Sell
1594516409.7193,9251.5,0.001,Sell
1594516409.7193,9252.0,0.001,Sell
1594516409.7193,9252.0,0.15,Sell
1594516409.7193,9250.5,0.005,Sell
1594516441.2992,9249.5,0.001,Buy
1594516441.3168,9249.0,0.001,Sell
1594516447.3497,9249.5,0.001,Buy
1594516449.3313,9249.0,0.001,Sell
1594516489.8161,9249.0,0.001,Sell
1594516489.8161,9249.0,0.099,Sell
1594516501.7649,9249.5,0.001,Buy
1594516509.8024,9249.0,0.001,Sell
1594516510.1233,9249.0,0.108,Sell
1594516510.1233,9249.0,0.001,Sell
1594516510.1233,9249.0,0.391,Sell
1594516518.0514,9249.0,0.5,Sell
1594516533.9839,9249.0,0.03,Sell
1594516561.4654,9249.5,0.001,Buy
1594516569.4964,9249.0,0.001,Sell
1594516600.7197,9249.0,0.09,Sell
1594516600.7197,9249.0,0.001,Sell
1594516600.7197,9249.0,0.001,Sell
1594516600.7197,9249.0,0.005,Sell
1594516600.7197,9249.0,0.001,Sell
1594516600.7197,9249.0,0.001,Sell
1594516600.7197,9249.0,0.001,Sell
1594516622.0302,9249.0,0.001,Sell
1594516630.0598,9249.5,0.001,Buy
1594516640.0968,9249.0,0.009,Sell
1594516640.0968,9249.0,0.002,Sell
1594516640.0968,9249.0,0.015,Sell
1594516640.0968,9249.0,0.001,Sell
1594516640.0968,9249.0,0.009,Sell
1594516640.0968,9249.0,0.001,Sell
1594516650.8968,9248.0,0.001,Sell
1594516650.8968,9248.0,0.001,Sell
1594516650.8968,9248.0,0.001,Sell
1594516650.8968,9248.0,0.001,Sell
1594516650.8968,9248.0,0.266,Sell
1594516671.3852,9248.0,1.388,Sell
1594516681.2984,9248.0,0.001,Sell
1594516693.3351,9248.5,0.001,Buy
1594516732.5035,9248.0,0.001,Sell
1594516732.5035,9248.0,0.299,Sell
1594516792.0338,9248.5,0.254,Buy
1594516792.0338,9248.5,0.246,Buy
1594516793.7017,9248.0,0.057,Sell
1594516801.3847,9248.0,0.001,Sell
1594516802.8923,9248.5,0.001,Buy
1594516806.4216,9248.5,0.001,Buy
1594516809.6647,9248.5,0.058,Buy
1594516809.9905,9248.0,0.001,Sell
1594516861.3002,9248.5,0.001,Buy
1594516871.3324,9248.0,0.001,Sell
1594516921.7782,9248.5,0.001,Buy
1594516923.8961,9247.0,0.2,Sell
1594516923.8961,9248.0,0.001,Sell
1594516923.8961,9248.0,0.048,Sell
1594516923.8961,9248.0,0.065,Sell
1594516923.8961,9247.0,0.001,Sell
1594516923.8961,9247.0,0.001,Sell
1594516923.8961,9247.0,0.002,Sell
1594516923.8961,9246.5,0.001,Sell
1594516923.8961,9246.5,0.181,Sell
1594516929.8128,9246.5,0.001,Sell
1594516981.2789,9247.0,0.001,Buy
1594516981.4461,9246.5,0.001,Sell
1594516986.0511,9246.5,0.002,Sell
1594516986.0511,9246.5,0.001,Sell
1594516986.0511,9246.5,0.001,Sell
1594516986.0511,9246.5,0.001,Sell
1594516989.3098,9246.0,0.001,Sell
1594516989.874,9246.0,0.001,Sell
1594516989.874,9246.0,0.2,Sell
1594516989.874,9246.0,0.002,Sell
1594516989.874,9246.0,0.002,Sell
1594516990.4771,9245.5,0.001,Buy
1594516993.6861,9245.5,0.613,Buy
1594516999.9392,9245.5,0.969,Buy
1594517011.9531,9245.5,0.996,Buy
1594517013.6946,9245.5,0.636,Buy
1594517039.3923,9245.0,0.001,Sell
1594517039.3923,9245.0,0.001,Sell
1594517039.3923,9245.0,0.15,Sell
1594517039.3923,9245.0,0.108,Sell
1594517039.3923,9245.0,1.797,Sell
1594517039.3923,9245.0,0.002,Sell
1594517039.3923,9245.0,0.15,Sell
1594517039.3923,9245.0,2.791,Sell
1594517041.3473,9245.0,0.001,Sell
1594517047.3772,9245.5,0.001,Buy
1594517102.1335,9245.5,0.001,Buy
1594517102.1828,9245.0,0.001,Sell
1594517110.1664,9245.0,0.001,Sell
1594517110.2167,9245.5,0.001,Buy
1594517125.2301,9245.0,0.14,Sell
1594517162.515,9245.0,0.001,Sell
1594517174.5472,9245.5,0.001,Buy
1594517235.0096,9245.5,0.065,Buy
1594517235.0096,9245.5,0.001,Buy
1594517235.0096,9245.5,0.08,Buy
1594517235.0096,9245.5,0.003,Buy
1594517235.3032,9246.0,0.001,Buy
1594517235.3032,9246.0,0.002,Buy
1594517236.1858,9246.0,0.776,Sell
1594517237.1736,9246.0,0.007,Sell
1594517239.5106,9246.5,1.445,Buy
1594517239.5106,9246.5,0.001,Buy
1594517239.5842,9247.0,0.001,Buy
1594517239.5842,9247.0,0.001,Buy
1594517239.5842,9247.0,0.001,Buy
1594517239.5842,9247.0,0.001,Buy
1594517241.1811,9247.0,0.711,Sell
1594517243.4842,9247.5,0.001,Buy
1594517243.4842,9247.5,0.005,Buy
1594517243.4842,9247.5,0.065,Buy
1594517243.5841,9248.0,0.001,Buy
1594517243.5841,9248.0,0.002,Buy
1594517243.6843,9248.5,0.001,Buy
1594517243.6843,9248.5,0.001,Buy
1594517243.6843,9248.5,0.096,Buy
1594517243.6843,9248.5,0.001,Buy
1594517243.6843,9248.5,0.001,Buy
1594517243.7842,9249.0,0.001,Buy
1594517243.7842,9249.0,0.002,Buy
1594517243.8842,9249.5,0.001,Buy
1594517243.8842,9249.5,0.001,Buy
1594517243.8842,9249.5,0.086,Buy
1594517243.8842,9249.5,0.005,Buy
1594517243.8842,9249.5,0.001,Buy
1594517243.8842,9249.5,0.001,Buy
1594517243.8842,9249.5,0.001,Buy
1594517243.8842,9249.5,0.001,Buy
1594517243.8842,9249.5,0.001,Buy
1594517243.8842,9249.5,0.001,Buy
1594517243.8842,9249.5,0.001,Buy
1594517243.9842,9249.5,0.1,Buy
1594517244.0842,9249.5,0.1,Buy
1594517244.1842,9249.5,0.1,Buy
1594517244.2842,9249.5,0.1,Buy
1594517244.3842,9249.5,0.1,Buy
1594517244.4841,9249.5,0.1,Buy
1594517244.5841,9249.5,0.1,Buy
1594517244.6842,9249.5,0.1,Buy
1594517244.7843,9249.5,0.1,Buy
1594517244.8842,9249.5,0.001,Buy
1594517244.8842,9249.5,0.099,Buy
1594517244.9842,9249.5,0.1,Buy
1594517245.0842,9249.5,0.1,Buy
1594517245.1842,9249.5,0.1,Buy
1594517245.2843,9249.5,0.1,Buy
1594517245.3843,9249.5,0.1,Buy
1594517245.4842,9249.5,0.1,Buy
1594517245.5842,9249.5,0.1,Buy
1594517245.6842,9249.5,0.1,Buy
1594517245.7842,9249.5,0.1,Buy
1594517245.8841,9249.5,0.1,Buy
1594517245.9842,9249.5,0.05,Buy
1594517247.2843,9250.0,0.001,Buy
1594517247.2843,9250.0,0.002,Buy
1594517247.2843,9250.0,0.097,Buy
1594517247.3842,9250.0,0.1,Buy
1594517247.4842,9250.0,0.009,Buy
1594517247.4842,9250.0,0.001,Buy
1594517252.1873,9250.0,0.016,Sell
1594517253.7947,9250.0,0.001,Sell
1594517256.1947,9250.0,0.064,Sell
1594517267.2014,9250.0,0.729,Sell
1594517271.2089,9250.0,0.02,Sell
1594517274.8033,9250.0,0.008,Sell
1594517281.171,9250.0,0.001,Sell
1594517282.215,9250.0,0.029,Sell
1594517286.2029,9250.5,0.001,Buy
1594517286.2226,9250.0,0.012,Sell
1594517295.8122,9250.0,0.674,Sell
1594517299.2306,9250.0,0.025,Sell
1594517301.2381,9250.0,0.007,Sell
1594517302.2419,9250.0,0.099,Sell
1594517312.2459,9250.0,0.97,Sell
1594517314.2535,9250.0,0.006,Sell
1594517314.8209,9250.0,0.024,Sell
1594517324.2596,9250.0,0.008,Sell
1594517328.2672,9250.0,0.872,Sell
1594517333.8298,9250.0,0.576,Sell
1594517339.2733,9250.0,0.002,Sell
1594517341.281,9250.0,0.639,Sell
1594517351.2872,9250.0,0.026,Sell
1594517354.8385,9250.0,0.322,Sell
1594517355.2948,9250.0,0.17,Sell
1594517359.3225,9252.0,0.038,Buy
1594517359.3225,9252.0,0.1,Buy
1594517359.3225,9252.0,0.001,Buy
1594517359.3225,9252.0,0.001,Buy
1594517359.3225,9251.5,0.001,Buy
1594517359.3225,9251.0,0.002,Buy
1594517359.3225,9250.5,0.005,Buy
1594517359.3225,9250.5,0.001,Buy
1594517359.3225,9250.5,0.001,Buy
1594517359.3225,9250.5,0.015,Buy
1594517359.3225,9251.0,0.001,Buy
1594517401.2722,9252.0,0.001,Buy
1594517401.4671,9252.0,0.001,Buy
1594517402.8236,9252.0,0.001,Buy
1594517406.1045,9251.5,0.001,Sell
1594517408.512,9251.5,0.001,Sell
1594517410.8541,9251.5,0.001,Sell
1594517411.3061,9251.5,0.001,Sell
1594517461.4236,9252.0,0.001,Buy
1594517461.9997,9251.5,0.5,Sell
1594517469.4551,9251.5,0.001,Sell
1594517477.2728,9252.0,0.002,Buy
1594517477.2728,9252.0,0.002,Buy
1594517477.4293,9252.5,0.001,Buy
1594517477.4293,9252.5,0.001,Buy
1594517477.6439,9253.0,0.001,Buy
1594517477.6439,9253.0,2.999,Buy
1594517477.8842,9253.0,0.1,Buy
1594517477.9842,9253.0,0.1,Buy
1594517478.0842,9253.0,0.1,Buy
1594517478.1842,9253.0,0.1,Buy
1594517478.2842,9253.0,0.1,Buy
1594517478.3842,9253.0,0.1,Buy
1594517478.4842,9253.0,0.1,Buy
1594517478.5841,9253.0,0.1,Buy
1594517478.6841,9253.0,0.1,Buy
1594517478.7842,9253.0,0.1,Buy
1594517478.8843,9253.0,0.1,Buy
1594517478.9842,9253.0,0.1,Buy
1594517479.0842,9253.0,0.1,Buy
1594517479.1843,9253.0,0.1,Buy
1594517479.2842,9253.0,0.1,Buy
1594517479.3841,9253.0,0.1,Buy
1594517487.5405,9253.0,4.0,Buy
1594517497.1208,9253.0,3.401,Buy
1594517497.1208,9253.0,0.001,Buy
1594517497.1532,9253.5,0.001,Buy
1594517497.1532,9254.0,0.001,Buy
1594517497.1532,9254.0,0.001,Buy
1594517497.1532,9254.0,0.005,Buy
1594517497.1532,9254.0,0.002,Buy
1594517497.1532,9254.5,0.001,Buy
1594517497.1532,9254.5,0.001,Buy
1594517497.1532,9255.0,0.001,Buy
1594517497.1532,9255.0,0.001,Buy
1594517497.1532,9257.5,0.003,Buy
1594517497.1532,9257.5,0.001,Buy
1594517497.1532,9257.0,0.002,Buy
1594517497.1532,9257.0,0.002,Buy
1594517497.1532,9257.0,0.001,Buy
1594517497.1532,9257.0,0.001,Buy
1594517497.1532,9256.5,0.1,Buy
1594517497.1532,9257.0,0.001,Buy
1594517497.1532,9256.0,0.002,Buy
1594517497.1532,9256.0,0.005,Buy
1594517497.1532,9256.0,0.001,Buy
1594517497.1532,9255.5,0.001,Buy
1594517497.1532,9255.0,0.002,Buy
1594517497.1532,9255.0,0.1,Buy
1594517497.1532,9256.5,0.001,Buy
1594517497.4309,9257.0,0.001,Sell
1594517499.4386,9257.0,0.012,Sell
1594517501.4723,9257.5,0.03,Buy
1594517501.4723,9257.5,0.001,Buy
1594517501.4723,9257.5,0.003,Buy
1594517501.4723,9257.5,0.001,Buy
1594517501.4723,9257.5,0.216,Buy
1594517501.5092,9259.0,0.001,Buy
1594517501.5092,9257.5,0.078,Buy
1594517501.5092,9257.5,0.002,Buy
1594517501.5092,9257.5,0.002,Buy
1594517501.5092,9257.5,0.009,Buy
1594517501.5092,9257.5,0.003,Buy
1594517501.5092,9257.5,0.014,Buy
1594517501.5092,9258.0,0.001,Buy
1594517501.5092,9258.0,0.002,Buy
1594517501.5092,9258.0,0.1,Buy
1594517501.5092,9258.0,0.032,Buy
1594517501.5092,9258.0,0.002,Buy
1594517501.5092,9258.5,0.001,Buy
1594517501.5092,9258.5,0.001,Buy
1594517501.5092,9259.5,0.001,Buy
1594517501.5092,9259.5,0.005,Buy
1594517501.5092,9260.0,0.001,Buy
1594517501.5092,9260.0,0.001,Buy
1594517501.5092,9260.0,0.043,Buy
1594517501.5092,9259.5,0.001,Buy
1594517511.805,9262.5,0.001,Buy
1594517511.805,9263.0,0.001,Buy
1594517511.805,9263.0,1.0,Buy
1594517511.805,9263.0,0.002,Buy
1594517511.805,9263.0,0.034,Buy
1594517511.805,9263.5,0.005,Buy
1594517511.805,9263.5,0.001,Buy
1594517511.805,9262.0,0.002,Buy
1594517511.805,9264.0,0.001,Buy
1594517511.805,9264.0,0.001,Buy
1594517511.805,9264.0,1.217,Buy
1594517511.805,9263.0,0.048,Buy
1594517511.805,9262.0,0.5,Buy
1594517511.805,9263.0,0.001,Buy
1594517511.805,9262.0,0.001,Buy
1594517511.805,9260.0,0.049,Buy
1594517511.805,9262.0,0.001,Buy
1594517511.805,9260.0,0.108,Buy
1594517511.805,9260.0,0.006,Buy
1594517511.805,9260.0,0.002,Buy
1594517511.805,9260.5,0.001,Buy
1594517511.805,9260.0,0.009,Buy
1594517511.805,9261.0,0.001,Buy
1594517511.805,9261.0,3.0,Buy
1594517511.805,9261.0,0.002,Buy
1594517511.805,9261.5,0.001,Buy
1594517511.805,9261.5,0.005,Buy
1594517511.805,9260.5,3.0,Buy
1594517518.3684,9263.5,0.324,Buy
1594517521.4585,9263.0,0.009,Sell
1594517525.466,9263.0,0.01,Sell
1594517529.9166,9263.0,0.013,Sell
1594517529.9463,9264.0,4.0,Buy
1594517529.9463,9263.5,0.001,Buy
1594517529.9463,9263.5,0.006,Buy
1594517529.9463,9263.5,0.005,Buy
1594517529.9463,9263.5,0.001,Buy
1594517529.9463,9264.0,2.672,Buy
1594517529.9463,9263.5,0.001,Buy
1594517529.9463,9263.5,0.002,Buy
1594517529.9463,9263.5,0.054,Buy
1594517529.9463,9263.5,0.015,Buy
1594517529.9463,9263.5,0.2,Buy
1594517529.9463,9263.5,0.258,Buy
1594517529.9463,9263.5,0.108,Buy
1594517529.9463,9263.5,2.676,Buy
1594517529.9463,9263.5,0.001,Buy
1594517530.0188,9264.0,0.324,Buy
1594517531.9195,9264.0,0.006,Buy
1594517536.1859,9264.0,0.001,Buy
1594517536.2219,9264.0,0.324,Buy
1594517538.4762,9264.0,0.02,Buy
1594517542.751,9264.0,0.324,Buy
1594517551.9281,9264.0,0.008,Buy
1594517553.4897,9264.0,0.554,Buy
1594517566.1859,9264.0,0.42,Buy
1594517568.5032,9264.0,0.001,Buy
1594517575.8744,9264.5,0.17,Buy
1594517577.3843,9264.5,0.004,Buy
1594517577.3843,9264.5,0.004,Buy
1594517577.3843,9264.5,0.072,Buy
1594517577.3843,9264.5,0.001,Buy
1594517581.4943,9264.5,0.001,Sell
1594517581.5131,9264.5,0.024,Sell
1594517583.521,9264.5,0.996,Sell
1594517584.5248,9264.5,0.821,Sell
1594517586.2042,9265.0,0.002,Buy
1594517586.2042,9265.0,0.001,Buy
1594517586.2042,9265.0,0.1,Buy
1594517586.2042,9265.0,2.897,Buy
1594517586.2156,9265.0,3.0,Buy
1594517586.7482,9265.0,4.0,Buy
1594517587.1541,9265.0,0.002,Buy
1594517587.1541,9265.0,0.103,Buy
1594517587.1541,9266.0,0.002,Buy
1594517587.1541,9266.0,0.001,Buy
1594517587.1541,9266.0,0.001,Buy
1594517587.1541,9266.0,0.05,Buy
1594517587.1541,9266.0,0.002,Buy
1594517587.1541,9266.5,0.002,Buy
1594517587.1541,9267.0,0.001,Buy
1594517587.1541,9267.0,0.001,Buy
1594517587.1541,9267.0,0.001,Buy
1594517587.1541,9265.5,0.005,Buy
1594517587.1541,9267.0,0.1,Buy
1594517587.1541,9267.0,0.002,Buy
1594517587.1541,9267.5,0.001,Buy
1594517587.1541,9267.5,0.005,Buy
1594517587.1541,9267.5,0.1,Buy
1594517587.1541,9268.0,0.001,Buy
1594517587.1541,9268.0,0.001,Buy
1594517587.1541,9268.0,0.001,Buy
1594517587.1541,9268.0,0.001,Buy
1594517587.1541,9268.0,0.022,Buy
1594517587.1541,9267.0,0.001,Buy
1594517587.1541,9265.5,0.1,Buy
1594517587.1541,9268.0,0.331,Buy
1594517587.1541,9265.0,0.002,Buy
1594517587.1541,9265.0,0.1,Buy
1594517587.1541,9265.5,0.006,Buy
1594517587.2257,9267.5,0.01,Sell
1594517587.2257,9267.5,0.29,Sell
1594517589.5243,9268.0,0.001,Buy
1594517590.9424,9267.5,0.009,Sell
1594517594.5287,9267.5,0.005,Sell
1594517595.0188,9268.0,0.147,Buy
1594517596.1859,9267.5,0.017,Sell
1594517598.5364,9267.5,0.854,Sell
1594517601.9527,9269.0,0.001,Buy
1594517601.9527,9269.0,0.001,Buy
1594517601.9527,9269.0,0.001,Buy
1594517601.9527,9268.0,0.002,Buy
1594517601.9527,9269.0,0.102,Buy
1594517601.9527,9268.0,0.001,Buy
1594517601.9527,9268.0,0.001,Buy
1594517601.9527,9268.0,0.001,Buy
1594517601.9527,9268.0,0.108,Buy
1594517601.9527,9268.0,0.01,Buy
1594517601.9527,9268.0,0.021,Buy
1594517601.9527,9268.0,0.001,Buy
1594517601.9527,9269.0,0.001,Buy
1594517601.9592,9269.0,0.038,Buy
1594517601.9592,9272.0,0.002,Buy
1594517601.9592,9270.0,0.001,Buy
1594517601.9592,9272.0,0.001,Buy
1594517601.9592,9272.0,0.001,Buy
1594517601.9592,9272.0,0.002,Buy
1594517601.9592,9272.0,0.01,Buy
1594517601.9592,9272.0,0.001,Buy
1594517601.9592,9272.0,0.001,Buy
1594517601.9592,9272.0,0.005,Buy
1594517601.9592,9273.0,0.001,Buy
1594517601.9592,9273.0,0.001,Buy
1594517601.9592,9273.0,0.001,Buy
1594517601.9592,9273.0,0.002,Buy
1594517601.9592,9273.0,0.002,Buy
1594517601.9592,9273.0,0.092,Buy
1594517601.9592,9273.0,0.5,Buy
1594517601.9592,9273.0,0.5,Buy
1594517601.9592,9273.5,0.001,Buy
1594517601.9592,9273.5,0.006,Buy
1594517601.9592,9273.5,0.1,Buy
1594517601.9592,9273.5,3.536,Buy
1594517601.9592,9272.0,0.001,Buy
1594517601.9592,9272.0,0.001,Buy
1594517601.9592,9271.0,0.002,Buy
1594517601.9592,9271.0,0.5,Buy
1594517601.9592,9270.0,0.001,Buy
1594517601.9592,9270.0,0.001,Buy
1594517601.9592,9270.0,0.003,Buy
1594517601.9592,9270.0,0.086,Buy
1594517601.9592,9270.0,0.1,Buy
1594517601.9592,9270.0,0.165,Buy
1594517601.9592,9270.0,1.0,Buy
1594517601.9592,9270.0,0.08,Buy
1594517601.9592,9270.0,1.0,Buy
1594517601.9592,9269.0,0.002,Buy
1594517601.9592,9270.0,0.107,Buy
1594517601.9592,9270.0,0.032,Buy
1594517601.9592,9270.0,0.005,Buy
1594517601.9592,9270.0,4.0,Buy
1594517601.9592,9270.0,0.002,Buy
1594517601.9592,9270.5,0.001,Buy
1594517601.9592,9270.5,3.0,Buy
1594517601.9592,9271.0,0.001,Buy
1594517601.9592,9271.0,0.001,Buy
1594517601.9592,9271.0,0.003,Buy
1594517601.9592,9270.0,0.1,Buy
1594517601.9592,9269.0,0.001,Buy
1594517601.9592,9271.0,0.001,Buy
1594517601.9593,9274.0,0.1,Buy
1594517601.9593,9273.5,1.664,Buy
1594517601.9593,9273.5,0.672,Buy
1594517601.9593,9274.0,0.001,Buy
1594517601.9593,9274.0,0.001,Buy
1594517601.9593,9274.0,0.002,Buy
1594517601.9593,9274.0,0.006,Buy
1594517601.9593,9274.0,0.005,Buy
1594517601.9593,9274.0,0.549,Buy
1594517601.9678,9274.0,0.01,Buy
1594517601.9678,9274.0,0.175,Buy
1594517601.968,9274.0,0.5,Buy
1594517601.9683,9274.0,0.5,Buy
1594517601.9684,9268.5,0.01,Sell
1594517601.9684,9268.0,0.01,Sell
1594517601.9684,9267.5,0.58,Sell
1594517603.3155,9271.5,0.001,Buy
1594517603.3155,9271.5,0.009,Buy
1594517603.3155,9271.5,0.001,Buy
1594517603.3155,9271.5,0.3,Buy
1594517603.3155,9271.5,0.001,Buy
1594517603.3419,9274.0,0.02,Buy
1594517603.3559,9275.0,0.001,Buy
1594517603.3559,9275.0,0.001,Buy
1594517603.3559,9275.0,0.001,Buy
1594517603.3559,9275.0,0.034,Buy
1594517603.3559,9275.0,0.005,Buy
1594517603.3559,9275.0,0.005,Buy
1594517603.3559,9275.0,0.001,Buy
1594517603.3559,9275.0,0.1,Buy
1594517603.3559,9275.0,0.1,Buy
1594517603.3559,9275.0,0.752,Buy
1594517603.3619,9275.0,0.025,Buy
1594517603.3619,9275.0,0.053,Buy
1594517603.3619,9275.0,0.105,Buy
1594517603.3619,9275.5,0.194,Buy
1594517603.3619,9275.0,0.1,Buy
1594517603.3619,9275.0,0.048,Buy
1594517603.3684,9275.5,0.048,Buy
1594517603.3684,9275.5,0.252,Buy
1594517603.3884,9276.0,0.001,Buy
1594517603.3884,9276.0,0.001,Buy
1594517603.3884,9276.0,0.001,Buy
1594517603.3884,9276.0,0.15,Buy
1594517603.3884,9276.0,0.133,Buy
1594517603.3884,9275.5,1.414,Buy
1594517603.4542,9276.0,0.005,Buy
1594517603.4542,9276.0,0.267,Buy
1594517603.5107,9277.0,0.126,Buy
1594517603.5107,9277.0,0.001,Buy
1594517603.5107,9277.0,0.2,Buy
1594517603.5107,9277.0,0.001,Buy
1594517603.5107,9277.0,0.001,Buy
1594517603.5107,9277.0,0.001,Buy
1594517603.5107,9277.0,0.001,Buy
1594517603.5107,9277.0,0.3,Buy
1594517603.5107,9277.0,0.001,Buy
1594517603.5162,9277.0,1.737,Sell
1594517603.7371,9278.0,0.001,Buy
1594517603.7371,9278.0,0.001,Buy
1594517603.7371,9278.0,0.001,Buy
1594517603.7371,9278.0,0.001,Buy
1594517603.7371,9278.0,0.005,Buy
1594517603.7371,9278.0,0.005,Buy
1594517603.7428,9279.0,0.001,Buy
1594517603.7428,9279.0,0.001,Buy
1594517603.7428,9279.0,0.05,Buy
1594517603.7428,9279.0,0.004,Buy
1594517603.7428,9280.0,0.001,Buy
1594517603.7428,9280.0,0.4,Buy
1594517603.7428,9280.0,0.23,Buy
1594517603.7428,9280.0,0.1,Buy
1594517603.7428,9280.0,0.2,Buy
1594517603.7428,9280.0,0.1,Buy
1594517603.7428,9280.0,0.914,Buy
1594517603.7428,9280.0,0.046,Buy
1594517603.7494,9280.0,0.1,Buy
1594517603.7494,9280.0,0.086,Buy
1594517603.7494,9280.0,0.5,Buy
1594517603.7494,9280.0,0.3,Buy
1594517603.7494,9280.0,0.005,Buy
1594517603.7494,9280.0,0.19,Buy
1594517603.7494,9280.0,0.307,Buy
1594517603.7494,9280.0,0.197,Buy
1594517603.7494,9280.0,0.453,Buy
1594517603.7502,9280.0,0.24,Buy
1594517603.7506,9280.0,0.106,Buy
1594517603.7506,9280.0,0.064,Buy
1594517603.7506,9280.0,0.068,Buy
1594517603.7506,9280.0,0.005,Buy
1594517603.7506,9280.5,3.825,Buy
1594517603.7506,9281.0,0.001,Buy
1594517603.7506,9281.0,0.001,Buy
1594517603.7506,9280.5,1.475,Buy
1594517603.7506,9281.0,0.006,Buy
1594517603.7506,9281.0,0.002,Buy
1594517603.7506,9281.0,0.001,Buy
1594517603.7506,9281.0,0.01,Buy
1594517603.7506,9281.0,0.1,Buy
1594517603.7506,9281.0,0.403,Buy
1594517603.7506,9278.0,0.066,Sell
1594517603.7506,9281.0,2.0,Buy
1594517603.7506,9281.0,0.001,Buy
1594517603.7517,9281.0,0.176,Buy
1594517603.7574,9281.0,0.83,Buy
1594517603.7575,9281.0,0.5,Buy
1594517603.7579,9281.0,0.065,Buy
1594517603.7635,9281.0,4.226,Buy
1594517603.7635,9281.5,1.774,Buy
1594517603.7689,9281.5,1.355,Buy
1594517604.0857,9282.0,0.001,Buy
1594517604.0901,9282.0,0.001,Buy
1594517604.0901,9282.0,0.001,Buy
1594517604.0901,9282.0,0.002,Buy
1594517604.0902,9282.0,1.0,Buy
1594517604.0902,9282.0,0.001,Buy
1594517604.0902,9282.0,0.046,Buy
1594517604.0902,9282.0,0.001,Buy
1594517604.0902,9282.0,0.3,Buy
1594517604.0902,9282.0,0.001,Buy
1594517604.0902,9282.0,0.01,Buy
1594517604.0902,9282.0,0.05,Buy
1594517604.0902,9282.0,0.005,Buy
1594517604.0902,9282.0,0.001,Buy
1594517604.0902,9283.0,0.001,Buy
1594517604.0902,9283.5,0.105,Buy
1594517604.0902,9283.0,0.001,Buy
1594517604.0902,9283.0,0.001,Buy
1594517604.0902,9283.0,0.001,Buy
1594517604.0902,9283.0,0.08,Buy
1594517604.0902,9283.0,0.02,Buy
1594517604.0902,9283.0,0.002,Buy
1594517604.0902,9283.5,1.159,Buy
1594517604.0906,9283.5,0.193,Buy
1594517604.8047,9283.5,0.521,Sell
1594517606.9405,9283.5,0.088,Sell
1594517609.4202,9284.0,0.001,Buy
1594517609.4202,9284.0,0.001,Buy
1594517609.4202,9284.0,0.001,Buy
1594517609.4202,9284.0,0.001,Buy
1594517609.4202,9284.0,0.2,Buy
1594517609.4202,9284.0,0.005,Buy
1594517609.4202,9284.0,0.001,Buy
1594517609.4202,9284.0,0.002,Buy
1594517609.4202,9284.0,0.097,Buy
1594517609.4202,9284.0,0.001,Buy
1594517609.4202,9284.0,0.009,Buy
1594517609.4202,9284.0,0.005,Buy
1594517611.1756,9284.0,0.001,Buy
1594517611.1756,9284.0,0.011,Buy
1594517611.1756,9284.0,0.015,Buy
1594517611.1756,9284.0,0.054,Buy
1594517611.1756,9284.0,0.001,Buy
1594517611.1756,9284.0,0.001,Buy
1594517611.1756,9284.0,0.002,Buy
1594517611.1756,9284.0,0.008,Buy
1594517611.1756,9284.0,0.008,Buy
1594517611.1756,9284.0,0.001,Buy
1594517611.1756,9284.0,0.002,Buy
1594517611.1756,9284.0,0.001,Buy
1594517611.3605,9285.0,0.01,Buy
1594517611.3605,9285.0,0.1,Buy
1594517611.3605,9285.0,0.001,Buy
1594517611.3605,9285.0,0.001,Buy
1594517611.3605,9285.0,0.001,Buy
1594517611.3605,9285.0,0.002,Buy
1594517611.3605,9285.0,0.01,Buy
1594517611.3605,9285.0,0.003,Buy
1594517611.3605,9285.0,0.001,Buy
1594517611.3605,9285.0,0.026,Buy
1594517611.3605,9285.0,0.25,Buy
1594517611.3605,9285.0,0.092,Buy
1594517611.3668,9286.0,0.001,Buy
1594517611.3668,9286.0,0.074,Buy
1594517611.3668,9286.0,0.001,Buy
1594517611.5068,9286.0,0.001,Buy
1594517611.5068,9286.0,0.001,Buy
1594517611.5068,9286.0,0.005,Buy
1594517611.5068,9286.0,0.1,Buy
1594517611.5068,9286.0,0.01,Buy
1594517611.5068,9286.0,2.0,Buy
1594517611.5068,9286.0,0.003,Buy
1594517611.5068,9286.0,0.168,Buy
1594517612.0838,9287.0,0.018,Buy
1594517612.0838,9287.0,0.001,Buy
1594517612.0838,9287.0,0.001,Buy
1594517612.0838,9287.0,0.003,Buy
1594517613.968,9286.5,0.1,Sell
1594517617.7202,9285.0,0.1,Buy
1594517618.0971,9285.0,0.1,Buy
1594517618.3812,9285.0,0.1,Buy
1594517619.6529,9285.0,0.1,Buy
1594517620.8809,9285.0,0.002,Buy
1594517620.8809,9285.0,0.001,Buy
1594517620.8809,9285.0,0.065,Buy
1594517620.8809,9285.0,0.002,Buy
1594517620.8809,9285.0,0.03,Buy
1594517622.5959,9284.5,0.324,Sell
1594517622.5959,9284.5,0.05,Sell
1594517622.5959,9284.5,0.276,Sell
1594517622.5959,9284.5,0.05,Sell
1594517622.5959,9284.5,0.3,Sell
1594517622.8465,9285.0,0.07,Buy
1594517622.8465,9285.0,0.001,Buy
1594517622.8465,9285.0,0.015,Buy
1594517622.8465,9285.0,0.01,Buy
1594517622.8465,9285.0,0.054,Buy
1594517624.2631,9286.5,0.5,Sell
1594517628.8015,9288.0,0.001,Buy
1594517628.8015,9288.0,0.034,Buy
1594517628.8015,9288.0,0.062,Buy
1594517628.8015,9288.0,0.001,Buy
1594517628.8015,9287.5,0.03,Buy
1594517628.8015,9287.0,0.012,Buy
1594517628.8015,9287.0,0.004,Buy
1594517628.8015,9287.0,0.005,Buy
1594517628.8015,9287.0,0.002,Buy
1594517628.8015,9287.0,0.002,Buy
1594517628.8015,9287.0,0.002,Buy
1594517628.8015,9287.0,0.108,Buy
1594517628.8015,9287.0,0.2,Buy
1594517628.8015,9288.0,0.001,Buy
1594517628.8015,9287.0,0.001,Buy
1594517628.8089,9289.0,0.05,Buy
1594517628.8089,9288.0,1.0,Buy
1594517628.8089,9289.5,0.888,Buy
1594517628.8089,9288.0,0.5,Buy
1594517628.8089,9289.0,0.002,Buy
1594517628.8089,9289.0,0.032,Buy
1594517628.8089,9289.0,0.001,Buy
1594517628.8089,9289.0,0.072,Buy
1594517628.8089,9289.0,0.005,Buy
1594517628.8089,9289.0,0.002,Buy
1594517628.8089,9289.0,0.006,Buy
1594517628.8089,9288.0,0.002,Buy
1594517628.8089,9288.0,3.0,Buy
1594517628.8089,9288.0,0.438,Buy
1594517628.8089,9289.0,0.001,Buy
1594517628.8089,9289.0,0.001,Buy
1594517628.8089,9288.5,4.0,Buy
1594517628.9203,9289.5,1.296,Buy
1594517630.9095,9289.5,0.1,Buy
1594517633.1842,9289.0,0.002,Sell
1594517634.0197,9288.5,0.324,Buy
1594517634.0338,9288.5,0.174,Buy
1594517634.1843,9288.0,0.001,Sell
1594517634.3841,9287.0,0.001,Sell
1594517634.3841,9286.0,0.001,Sell
1594517634.3841,9286.0,0.012,Sell
1594517634.3841,9286.0,0.002,Sell
1594517639.5782,9286.0,0.027,Buy
1594517640.6226,9286.0,0.324,Buy
1594517640.8464,9286.0,1.296,Buy
1594517641.348,9285.5,0.001,Sell
1594517641.3481,9285.5,0.001,Sell
1594517641.3539,9285.5,0.008,Sell
1594517641.3539,9285.5,0.002,Sell
1594517641.3539,9285.5,0.49,Sell
1594517642.0546,9286.0,0.001,Buy
1594517642.2568,9285.5,0.001,Sell
1594517643.586,9286.0,0.775,Buy
1594517645.5773,9285.0,0.001,Sell
1594517645.5773,9285.0,0.001,Sell
1594517647.3842,9285.5,0.001,Buy
1594517650.093,9285.0,0.001,Sell
1594517650.4383,9285.0,0.001,Sell
1594517650.4383,9285.0,0.001,Sell
1594517650.4383,9284.0,0.001,Sell
1594517650.4383,9284.0,0.002,Sell
1594517650.4383,9283.5,0.995,Sell
1594517651.2928,9283.5,0.001,Buy
1594517653.3782,9283.5,0.001,Buy
1594517659.3988,9283.0,0.001,Sell
1594517659.3988,9283.0,0.002,Sell
1594517659.3988,9282.5,1.171,Sell
1594517659.3988,9283.0,0.002,Sell
1594517666.7317,9282.5,0.001,Sell
1594517666.7317,9282.0,0.001,Sell
1594517666.7317,9282.0,0.002,Sell
1594517666.7317,9281.5,0.261,Sell
1594517666.7317,9282.0,0.001,Sell
1594517667.9498,9281.5,0.266,Sell
1594517669.9363,9281.5,0.005,Sell
1594517669.9363,9281.5,0.015,Sell
1594517669.9363,9281.5,0.001,Sell
1594517669.9363,9281.5,0.001,Sell
1594517669.9363,9281.0,0.001,Sell
1594517669.9363,9281.0,0.006,Sell
1594517669.9363,9281.0,0.032,Sell
1594517669.9363,9281.0,0.005,Sell
1594517669.9363,9281.0,0.002,Sell
1594517669.9363,9281.0,0.196,Sell
1594517669.9363,9281.0,0.002,Sell
1594517672.6699,9281.0,0.002,Sell
1594517672.6699,9281.0,0.498,Sell
1594517674.1818,9281.0,0.015,Sell
1594517688.3929,9281.0,0.05,Sell
1594517688.3929,9279.5,0.447,Sell
1594517688.3929,9280.0,0.002,Sell
1594517688.3929,9280.0,0.001,Sell
1594517688.3984,9279.5,0.8,Sell
1594517703.3351,9279.5,0.001,Buy
1594517703.3351,9279.5,0.015,Buy
1594517703.3351,9279.5,0.001,Buy
1594517703.3351,9279.5,0.005,Buy
1594517703.3351,9279.5,0.001,Buy
1594517703.3351,9279.5,0.001,Buy
1594517703.3351,9279.5,0.001,Buy
1594517703.3351,9279.5,0.009,Buy
1594517703.3351,9279.5,0.002,Buy
1594517703.4897,9280.0,1.33,Buy
1594517705.8796,9281.0,0.054,Buy
1594517705.8796,9281.0,0.002,Buy
1594517705.8796,9281.0,0.001,Buy
1594517707.0596,9281.5,0.5,Sell
1594517707.2815,9283.5,0.215,Buy
1594517707.2815,9284.0,0.176,Buy
1594517707.2815,9282.0,0.001,Buy
1594517707.2815,9282.0,0.002,Buy
1594517707.2815,9282.0,0.002,Buy
1594517707.2815,9283.0,0.1,Buy
1594517707.2815,9283.0,0.001,Buy
1594517707.2815,9283.0,0.002,Buy
1594517707.2815,9284.0,0.001,Buy
1594517711.8788,9283.5,0.01,Sell
1594517711.8788,9283.5,0.39,Sell
1594517731.1047,9283.5,0.1,Sell
1594517731.1047,9283.0,0.001,Sell
1594517731.1047,9283.0,0.002,Sell
1594517731.1047,9282.0,0.001,Sell
1594517731.1047,9282.0,0.002,Sell
1594517731.1047,9281.5,0.394,Sell
1594517761.3073,9281.0,0.001,Sell
1594517763.3842,9281.0,0.002,Sell
1594517763.709,9280.5,0.001,Buy
1594517766.3385,9280.5,0.001,Buy
1594517766.6192,9280.0,0.001,Sell
1594517766.6192,9280.0,0.001,Sell
1594517766.6192,9280.0,0.002,Sell
1594517766.6192,9280.0,0.009,Sell
1594517766.6192,9280.0,0.002,Sell
1594517766.6192,9279.0,0.001,Sell
1594517766.6192,9279.0,0.1,Sell
1594517766.6192,9279.0,0.002,Sell
1594517766.6192,9278.0,0.001,Sell
1594517766.6192,9278.0,0.001,Sell
1594517766.6192,9278.0,1.203,Sell
1594517766.6192,9280.0,0.065,Sell
1594517787.1297,9278.0,0.7,Sell
1594517787.1297,9278.0,0.3,Sell
1594517881.2941,9278.5,0.001,Buy
1594517889.3222,9278.0,0.001,Sell
1594517898.8529,9278.0,0.002,Sell
1594517898.8529,9278.0,0.498,Sell
1594517900.845,9278.0,0.712,Sell
1594517904.8525,9278.0,0.017,Sell
1594517907.448,9278.0,0.1,Sell
1594517908.601,9278.0,0.1,Sell
1594517910.237,9278.0,0.1,Sell
1594517910.7755,9278.0,0.1,Sell
1594517911.0827,9278.0,0.025,Sell
1594517911.4722,9278.0,0.1,Sell
1594517912.061,9278.0,0.1,Sell
1594517913.336,9278.0,0.1,Sell
1594517914.5646,9278.0,0.1,Sell
1594517915.3354,9278.0,0.1,Sell
1594517915.8587,9278.0,0.071,Sell
1594517915.9428,9278.0,0.1,Sell
1594517917.2543,9278.0,0.1,Sell
1594517917.8663,9278.0,0.028,Sell
1594517918.1323,9278.0,0.1,Sell
1594517918.1565,9278.0,0.2,Sell
1594517926.2882,9278.0,0.005,Sell
1594517941.2555,9278.5,0.001,Buy
1594517941.3422,9278.5,0.001,Buy
1594517949.3751,9278.0,0.001,Sell
1594517951.2888,9278.0,0.001,Sell
1594518001.1179,9278.0,0.005,Sell
1594518001.4217,9278.5,0.001,Buy
1594518008.4686,9278.0,0.001,Sell
1594518032.419,9278.0,0.005,Sell
1594518049.187,9278.5,0.473,Buy
1594518049.187,9278.5,2.065,Buy
1594518049.187,9278.5,0.15,Buy
1594518061.4673,9278.0,0.001,Sell
1594518062.1796,9278.0,0.137,Sell
1594518069.497,9278.5,0.001,Buy
1594518094.3572,9278.0,0.025,Sell
1594518100.8085,9278.0,0.01,Sell
1594518110.2715,9278.0,0.139,Sell
1594518110.3328,9278.0,0.015,Sell
1594518110.3328,9278.0,0.001,Sell
1594518110.3328,9278.0,0.001,Sell
1594518110.3328,9278.0,0.001,Sell
1594518110.3328,9278.0,0.001,Sell
1594518110.3328,9278.0,0.001,Sell
1594518110.3328,9278.0,0.5,Sell
1594518110.3328,9278.0,0.108,Sell
1594518110.3328,9278.0,0.009,Sell
1594518110.3328,9278.0,0.001,Sell
1594518110.3328,9278.0,2.688,Sell
1594518110.3328,9278.0,0.054,Sell
1594518111.8079,9277.5,0.006,Buy
1594518115.6062,9277.0,0.005,Sell
1594518115.6062,9277.0,0.002,Sell
1594518115.6062,9277.0,0.1,Sell
1594518115.6062,9277.0,0.1,Sell
1594518115.6062,9277.0,0.001,Sell
1594518115.6062,9277.0,0.001,Sell
1594518115.6062,9277.0,0.001,Sell
1594518116.0842,9276.0,0.002,Sell
1594518116.0842,9276.0,0.001,Sell
1594518116.0842,9276.0,0.054,Sell
1594518120.0633,9276.0,0.004,Buy
1594518121.2809,9275.5,0.001,Sell
1594518133.079,9276.0,0.021,Buy
1594518133.3111,9276.0,0.001,Buy
1594518136.1806,9276.0,0.009,Buy
1594518147.0926,9276.0,0.029,Buy
1594518157.189,9276.0,0.001,Buy
1594518160.106,9276.0,0.022,Buy
1594518174.1195,9276.0,0.013,Buy
1594518178.1975,9276.0,0.012,Buy
1594518181.6119,9276.0,0.001,Buy
1594518185.6311,9275.5,0.095,Sell
1594518185.6311,9275.5,0.241,Sell
1594518185.6311,9275.5,0.1,Sell
1594518185.6311,9275.5,0.002,Sell
1594518185.6311,9275.0,2.526,Sell
1594518185.6311,9275.0,3.0,Sell
1594518185.6311,9275.5,4.0,Sell
1594518185.6311,9275.0,0.034,Sell
1594518185.6311,9275.0,0.001,Sell
1594518185.6311,9275.0,0.001,Sell
1594518189.1367,9275.0,0.229,Sell
1594518189.6435,9275.0,0.001,Sell
1594518196.1858,9275.0,0.709,Sell
1594518197.2036,9275.0,0.016,Sell
1594518200.1428,9275.0,0.011,Sell
1594518204.1504,9275.0,0.015,Sell
1594518211.4576,9275.0,0.654,Sell
1594518211.4576,9275.0,1.793,Sell
1594518215.1566,9275.0,0.277,Sell
1594518216.2122,9275.0,0.013,Sell
1594518217.1641,9275.0,0.029,Sell
1594518227.1701,9275.0,0.812,Sell
1594518231.1777,9275.0,0.268,Sell
1594518235.416,9275.5,0.001,Buy
1594518237.2206,9275.0,0.143,Sell
1594518241.8611,9275.0,0.001,Sell
1594518243.4277,9274.0,0.001,Sell
1594518247.8921,9274.5,0.001,Buy
1594518248.4682,9274.5,0.001,Buy
1594518253.1708,9274.5,2.268,Buy
1594518253.1708,9274.5,1.766,Buy
1594518253.1708,9274.5,3.998,Buy
1594518253.1708,9274.5,1.968,Buy
1594518256.1858,9274.5,0.02,Buy
1594518257.2023,9274.5,0.003,Buy
1594518259.2325,9274.5,0.923,Buy
1594518261.2099,9274.5,0.016,Buy
1594518273.0628,9274.0,0.001,Sell
1594518273.0628,9274.0,0.001,Sell
1594518274.2174,9274.5,0.874,Buy
1594518279.2417,9274.5,0.49,Buy
1594518282.8843,9274.0,0.027,Sell
1594518286.1858,9274.5,0.883,Buy
1594518289.231,9274.5,0.34,Buy
1594518299.2503,9274.5,0.587,Buy
1594518302.6689,9274.0,0.001,Sell
1594518306.7442,9274.5,0.002,Buy
1594518306.7442,9274.5,0.001,Buy
1594518306.7442,9274.5,0.005,Buy
1594518306.7442,9274.5,0.054,Buy
1594518306.7442,9274.5,0.001,Buy
1594518306.7442,9274.5,0.015,Buy
1594518306.7442,9274.5,0.001,Buy
1594518306.7442,9274.5,0.001,Buy
1594518306.7442,9274.5,0.009,Buy
1594518306.7442,9274.5,0.065,Buy
1594518306.7616,9275.0,0.001,Buy
1594518306.7616,9275.0,0.75,Buy
1594518306.7616,9275.0,0.002,Buy
1594518306.833,9275.5,0.3,Buy
1594518306.8842,9276.0,0.1,Buy
1594518306.93,9276.0,0.4,Buy
1594518306.93,9276.0,0.001,Buy
1594518306.93,9276.0,0.002,Buy
1594518306.9842,9277.0,0.001,Buy
1594518306.9842,9277.0,0.002,Buy
1594518307.0841,9278.0,0.001,Buy
1594518307.0841,9278.0,0.002,Buy
1594518307.1843,9278.5,0.1,Buy
1594518307.445,9278.5,0.401,Buy
1594518307.445,9278.5,0.1,Buy
1594518307.445,9278.5,0.01,Buy
1594518307.445,9278.5,0.001,Buy
1594518307.445,9278.5,0.49,Buy
1594518311.7018,9279.0,0.001,Buy
1594518327.5774,9280.0,0.001,Buy
1594518327.5774,9280.0,0.002,Buy
1594518327.5774,9280.5,0.032,Buy
1594518327.5774,9279.0,0.02,Buy
1594518327.5774,9279.0,0.002,Buy
1594518332.2681,9280.5,0.011,Sell
1594518341.8151,9280.5,2.269,Sell
1594518346.4069,9280.0,0.002,Sell
1594518350.287,9279.5,0.001,Buy
1594518353.6394,9279.0,0.002,Sell
1594518353.6394,9279.0,0.001,Sell
1594518354.3008,9278.0,0.001,Sell
1594518354.3008,9278.0,0.002,Sell
1594518354.3008,9277.0,0.001,Sell
1594518354.3008,9277.0,0.002,Sell
1594518354.3008,9276.5,0.67,Sell
1594518354.3008,9276.5,0.845,Sell
1594518354.3008,9278.0,0.002,Sell
1594518358.5091,9276.0,0.001,Sell
1594518358.5091,9276.0,0.065,Sell
1594518358.5091,9276.0,0.001,Sell
1594518358.5091,9276.0,0.002,Sell
1594518361.9995,9275.5,0.001,Buy
1594518370.0302,9275.0,0.001,Sell
1594518379.0502,9275.0,0.002,Sell
1594518379.0502,9274.0,0.001,Sell
1594518379.0502,9274.0,0.002,Sell
1594518379.0502,9275.0,0.001,Sell
1594518411.3628,9273.5,0.004,Sell
1594518411.3628,9273.5,0.99,Sell
1594518411.3628,9273.5,0.006,Sell
1594518421.2731,9274.0,0.001,Buy
1594518429.3061,9273.5,0.001,Sell
1594518432.3822,9273.5,0.395,Sell
1594518435.3073,9273.5,0.211,Sell
1594518436.1858,9273.5,0.732,Sell
1594518437.4928,9273.5,0.03,Sell
1594518443.386,9273.5,0.023,Sell
1594518447.3937,9273.5,0.021,Sell
1594518456.3164,9273.5,0.012,Sell
1594518460.4013,9273.5,0.737,Sell
1594518464.4087,9273.5,0.581,Sell
1594518465.5645,9273.5,1.0,Sell
1594518477.3262,9273.5,0.05,Sell
1594518477.4162,9273.5,0.87,Sell
1594518481.4237,9273.5,0.638,Sell
1594518481.4237,9273.5,0.084,Sell
1594518481.8481,9274.0,0.001,Buy
1594518491.8779,9273.5,0.001,Sell
1594518519.7195,9273.5,0.002,Sell
1594518519.7195,9273.5,0.009,Sell
1594518519.7195,9273.5,0.002,Sell
1594518528.989,9273.0,0.001,Sell
1594518528.989,9273.0,0.002,Sell
1594518528.989,9273.0,0.002,Sell
1594518528.989,9273.5,0.001,Sell
1594518528.989,9273.0,0.092,Sell
1594518528.989,9273.0,0.002,Sell
1594518542.3412,9272.0,0.001,Sell
1594518550.3737,9272.5,0.001,Buy
1594518560.5547,9270.0,0.401,Sell
1594518560.5547,9272.0,0.001,Sell
1594518560.5547,9272.0,0.001,Sell
1594518560.5547,9272.0,0.001,Sell
1594518560.5547,9272.0,0.001,Sell
1594518560.5547,9272.0,0.001,Sell
1594518560.5547,9270.0,0.065,Sell
1594518560.5547,9272.0,0.002,Sell
1594518560.5547,9271.0,0.003,Sell
1594518560.5547,9271.0,0.001,Sell
1594518560.5547,9271.0,0.002,Sell
1594518560.5547,9270.0,0.001,Sell
1594518560.5547,9270.0,0.003,Sell
1594518560.5547,9270.0,0.001,Sell
1594518560.5547,9272.0,0.015,Sell
1594518560.5547,9271.0,0.001,Sell
1594518571.5433,9270.0,0.002,Sell
1594518571.5433,9270.0,4.086,Sell
1594518571.5433,9270.0,2.4,Sell
1594518571.5433,9270.0,1.244,Sell
1594518571.5433,9270.0,2.268,Sell
1594518602.7184,9270.0,0.001,Sell
1594518602.8279,9270.5,0.001,Buy
1594518609.8628,9270.0,0.001,Sell
1594518614.75,9270.5,0.001,Buy
1594518621.9151,9270.0,0.25,Sell
1594518701.2607,9270.5,0.298,Buy
1594518701.2607,9270.5,0.002,Buy
1594518710.2842,9270.0,0.002,Sell
1594518710.2842,9270.0,0.002,Sell
1594518710.2842,9270.0,0.005,Sell
1594518710.2842,9270.0,0.001,Sell
1594518710.2842,9270.0,0.054,Sell
1594518710.6483,9269.5,0.014,Buy
1594518714.6558,9269.5,0.025,Buy
1594518715.005,9268.0,0.002,Sell
1594518715.005,9267.5,0.17,Sell
1594518715.005,9269.0,0.001,Sell
1594518715.005,9269.0,0.001,Sell
1594518715.005,9269.0,0.002,Sell
1594518715.005,9269.0,0.3,Sell
1594518715.005,9268.0,0.001,Sell
1594518715.005,9268.0,0.001,Sell
1594518715.005,9268.0,0.022,Sell
1594518721.2427,9267.5,0.001,Sell
1594518721.8752,9268.0,0.001,Buy
1594518724.419,9267.5,0.299,Sell
1594518724.419,9267.5,0.201,Sell
1594518726.2772,9268.0,0.001,Buy
1594518729.9098,9267.5,0.001,Sell
1594518807.7216,9268.0,0.002,Buy
1594518807.7216,9268.0,0.002,Buy
1594518807.7216,9268.0,0.001,Buy
1594518807.7216,9268.0,0.001,Buy
1594518807.7216,9268.0,0.001,Buy
1594518807.7216,9268.0,0.001,Buy
1594518807.7216,9268.0,0.005,Buy
1594518807.7216,9268.0,0.015,Buy
1594518807.7216,9268.0,0.009,Buy
1594518807.7216,9268.0,0.054,Buy
1594518809.1843,9269.0,0.002,Buy
1594518809.1843,9269.0,0.001,Buy
1594518809.2841,9270.0,0.001,Buy
1594518809.2841,9270.0,0.005,Buy
1594518809.2841,9270.0,0.094,Buy
1594518809.3842,9270.0,0.1,Buy
1594518812.4745,9269.5,0.684,Sell
1594518812.5843,9270.0,0.1,Buy
1594518812.6841,9270.0,0.1,Buy
1594518812.7841,9270.0,0.1,Buy
1594518812.8844,9270.0,0.1,Buy
1594518812.9843,9270.0,0.1,Buy
1594518813.0842,9270.0,0.1,Buy
1594518813.1842,9270.0,0.1,Buy
1594518815.7507,9269.5,0.359,Sell
1594518819.7584,9269.5,0.636,Sell
1594518824.0517,9270.0,0.798,Buy
1594518831.4832,9269.5,0.017,Sell
1594518832.7662,9269.5,0.067,Sell
1594518834.7738,9269.5,0.007,Sell
1594518841.3609,9269.5,0.001,Sell
1594518842.199,9270.0,0.001,Buy
1594518845.7814,9269.5,0.001,Sell
1594518847.3907,9270.0,0.001,Buy
1594518847.7889,9269.5,0.01,Sell
1594518850.2304,9269.5,0.001,Sell
1594518850.4917,9269.5,0.32,Sell
1594518858.7965,9269.5,0.121,Sell
1594518860.8042,9269.5,0.895,Sell
1594518871.5005,9269.5,0.02,Sell
1594518871.8118,9269.5,0.446,Sell
1594518875.8195,9269.5,0.011,Sell
1594518888.8274,9269.5,0.227,Sell
1594518892.5092,9269.5,0.025,Sell
1594518892.8353,9269.5,0.558,Sell
1594518901.2917,9270.0,0.001,Buy
1594518905.843,9269.5,0.019,Sell
1594518907.8507,9269.5,0.14,Sell
1594518909.3227,9269.5,0.001,Sell
1594518913.5179,9269.5,0.001,Sell
1594518918.8596,9269.5,0.377,Sell
1594518920.8672,9269.5,0.028,Sell
1594518922.9975,9269.5,0.01,Sell
1594518962.0527,9269.5,0.001,Sell
1594518971.0875,9270.0,0.001,Buy
1594518973.3292,9270.0,0.026,Buy
1594518978.132,9269.5,0.029,Sell
1594518978.132,9269.5,0.108,Sell
1594518978.132,9269.5,0.063,Sell
1594519021.76,9269.5,0.001,Sell
1594519021.9582,9270.0,0.001,Buy
1594519029.8042,9270.0,0.001,Buy
1594519031.9933,9269.5,0.001,Sell
1594519077.2108,9269.5,0.01,Sell
1594519081.7171,9269.5,0.001,Sell
1594519093.7479,9270.0,0.001,Buy
1594519202.1105,9270.0,0.001,Buy
1594519207.1843,9270.0,0.1,Buy
1594519207.2843,9270.0,0.1,Buy
1594519207.3842,9270.0,0.1,Buy
1594519207.4841,9270.0,0.1,Buy
1594519209.1532,9269.5,0.001,Sell
1594519211.5322,9269.5,1.72,Sell
1594519211.5322,9269.5,3.806,Sell
1594519211.5322,9269.5,2.269,Sell
1594519211.5322,9269.5,2.336,Sell
1594519211.5322,9269.5,0.134,Sell
1594519218.0467,9270.0,0.24,Buy
1594519218.0468,9270.0,0.24,Buy
1594519223.5783,9270.0,0.3,Buy
1594519223.5827,9270.0,2.269,Buy
1594519223.5867,9270.0,4.8,Buy
1594519223.6072,9270.0,2.4,Buy
1594519223.65,9270.0,0.244,Buy
1594519223.9814,9270.0,0.3,Buy
1594519225.3073,9270.0,0.24,Buy
1594519228.2165,9270.0,2.268,Buy
1594519228.2526,9270.0,0.269,Buy
1594519228.2689,9270.0,0.18,Buy
1594519228.6687,9269.5,0.065,Sell
1594519228.6687,9269.5,3.855,Sell
1594519228.6687,9269.5,0.15,Sell
1594519228.6687,9269.5,1.0,Sell
1594519228.6687,9269.5,1.2,Sell
1594519228.6687,9269.5,1.5,Sell
1594519228.6687,9269.5,2.0,Sell
1594519228.6687,9269.5,1.656,Sell
1594519228.6687,9269.5,1.309,Sell
1594519229.5305,9270.0,0.24,Buy
1594519235.6237,9270.0,4.565,Buy
1594519241.633,9270.0,5.202,Buy
1594519254.5299,9270.0,0.24,Buy
1594519261.0778,9270.0,3.0,Buy
1594519261.1079,9270.0,3.0,Buy
1594519261.1866,9270.0,4.0,Buy
1594519261.2551,9270.0,4.0,Buy
1594519262.0894,9269.5,0.001,Sell
1594519262.2024,9269.5,0.001,Sell
1594519263.6544,9270.0,4.0,Buy
1594519266.407,9270.0,3.0,Buy
1594519270.2383,9270.0,0.001,Buy
1594519271.1242,9270.0,0.001,Buy
1594519282.2995,9270.0,0.043,Buy
1594519322.0103,9269.5,0.001,Sell
1594519334.0493,9270.0,0.001,Buy
1594519381.2417,9269.5,0.3,Sell
1594519416.767,9269.5,0.25,Sell
1594519416.767,9269.5,0.105,Sell
1594519417.7514,9269.5,0.355,Sell
1594519422.043,9269.5,3.0,Sell
1594519422.0721,9269.5,0.238,Sell
1594519422.1894,9269.5,0.173,Sell
1594519422.2069,9269.5,3.0,Sell
1594519423.2876,9269.5,4.0,Sell
1594519426.3841,9269.5,0.1,Sell
1594519426.4842,9269.5,0.1,Sell
1594519426.5959,9269.5,0.1,Sell
1594519426.6841,9269.5,0.1,Sell
1594519426.7841,9269.5,0.1,Sell
1594519426.8848,9269.5,0.1,Sell
1594519426.9845,9269.5,0.1,Sell
1594519427.0841,9269.5,0.1,Sell
1594519427.1842,9269.5,0.1,Sell
1594519427.2841,9269.5,0.1,Sell
1594519427.3841,9269.5,0.1,Sell
1594519427.4841,9269.5,0.1,Sell
1594519427.5843,9269.5,0.1,Sell
1594519427.6843,9269.5,0.1,Sell
1594519427.7842,9269.5,0.1,Sell
1594519427.8842,9269.5,0.1,Sell
1594519427.9841,9269.5,0.1,Sell
1594519428.0841,9269.5,0.1,Sell
1594519428.1841,9269.5,0.1,Sell
1594519428.2841,9269.5,0.1,Sell
1594519428.3842,9269.5,0.1,Sell
1594519428.4842,9269.5,0.1,Sell
1594519428.5842,9269.5,0.1,Sell
1594519428.6842,9269.5,0.1,Sell
1594519428.7842,9269.5,0.1,Sell
1594519428.8843,9269.5,0.1,Sell
1594519428.9842,9269.5,0.1,Sell
1594519429.0841,9269.5,0.1,Sell
1594519429.1841,9269.5,0.1,Sell
1594519429.2841,9269.5,0.1,Sell
1594519429.3842,9269.5,0.1,Sell
1594519429.484,9269.5,0.1,Sell
1594519429.5841,9269.5,0.1,Sell
1594519429.6843,9269.5,0.1,Sell
1594519429.7841,9269.5,0.1,Sell
1594519429.8841,9269.5,0.1,Sell
1594519429.9842,9269.5,0.1,Sell
1594519430.0846,9269.5,0.1,Sell
1594519430.1842,9269.5,0.1,Sell
1594519430.2842,9269.5,0.1,Sell
1594519430.3841,9269.5,0.1,Sell
1594519430.4842,9269.5,0.1,Sell
1594519430.5841,9269.5,0.1,Sell
1594519430.6842,9269.5,0.1,Sell
1594519430.7842,9269.5,0.1,Sell
1594519430.8841,9269.5,0.1,Sell
1594519430.9842,9269.5,0.1,Sell
1594519431.0841,9269.5,0.1,Sell
1594519431.184,9269.5,0.1,Sell
1594519431.2841,9269.5,0.1,Sell
1594519431.3841,9269.5,0.1,Sell
1594519431.4842,9269.5,0.1,Sell
1594519431.5841,9269.5,0.1,Sell
1594519431.6842,9269.5,0.1,Sell
1594519431.7842,9269.5,0.1,Sell
1594519431.8842,9269.5,0.1,Sell
1594519431.9842,9269.5,0.1,Sell
1594519432.0841,9269.5,0.1,Sell
1594519432.1842,9269.5,0.1,Sell
1594519432.2842,9269.5,0.1,Sell
1594519432.3841,9269.5,0.1,Sell
1594519432.4841,9269.5,0.1,Sell
1594519432.5841,9269.5,0.1,Sell
1594519433.132,9269.5,0.9,Sell
1594519433.6371,9269.5,2.269,Sell
1594519433.6632,9269.5,0.3,Sell
1594519433.6694,9269.5,2.4,Sell
1594519441.4646,9269.5,0.001,Sell
1594519441.5853,9269.5,0.001,Sell
1594519446.4949,9270.0,0.001,Buy
1594519447.6172,9270.0,0.001,Buy
1594519473.1018,9269.5,1.958,Sell
1594519473.1018,9269.5,0.31,Sell
1594519562.1708,9270.0,0.001,Buy
1594519570.2024,9269.5,0.001,Sell
1594519595.7354,9270.0,0.022,Buy
1594519621.3846,9270.0,0.001,Buy
1594519621.7109,9270.0,0.001,Buy
1594519629.4163,9269.5,0.001,Sell
1594519629.7448,9269.5,0.001,Sell
1594519741.3859,9269.5,0.001,Sell
1594519749.4164,9270.0,0.001,Buy
1594519749.4218,9269.5,0.299,Sell
1594519749.4218,9269.5,0.02,Sell
1594519799.2115,9270.0,0.102,Buy
1594519799.2168,9269.5,0.2,Sell
1594519801.5214,9269.5,0.001,Sell
1594519803.3821,9270.0,0.001,Buy
1594519810.4194,9269.5,0.001,Sell
1594519813.5544,9270.0,0.001,Buy
1594519885.2383,9269.5,2.0,Sell
1594519921.2584,9270.0,0.001,Buy
1594519921.8103,9269.5,0.001,Sell
1594519922.1471,9269.5,0.001,Sell
1594519926.8493,9270.0,0.001,Buy
1594519931.1835,9270.0,0.001,Buy
1594519931.2901,9269.5,0.001,Sell
1594519931.6035,9270.0,4.0,Buy
1594519973.1988,9270.0,0.5,Buy
1594520030.6863,9270.0,3.0,Buy
1594520041.287,9269.5,0.001,Sell
1594520041.6576,9270.0,0.001,Buy
1594520047.3168,9270.0,0.001,Buy
1594520049.6866,9269.5,0.001,Sell
1594520101.2228,9270.0,0.001,Buy
1594520109.2552,9269.5,0.001,Sell
1594520161.2363,9270.0,0.001,Buy
1594520169.2677,9269.5,0.001,Sell
1594520221.1851,9269.5,0.001,Sell
1594520229.2149,9270.0,0.001,Buy
1594520281.319,9269.5,0.001,Sell
1594520293.3481,9270.0,0.001,Buy
1594520301.8881,9270.0,0.044,Buy
1594520401.4669,9269.5,0.001,Sell
1594520402.9166,9270.0,0.001,Buy
1594520406.5004,9270.0,0.001,Buy
1594520409.9684,9269.5,0.001,Sell
1594520421.1799,9269.5,0.498,Sell
1594520421.1799,9269.5,0.05,Sell
1594520421.1799,9269.5,0.93,Sell
1594520461.4595,9270.0,0.001,Buy
1594520468.3791,9269.5,0.105,Sell
1594520471.4919,9269.5,0.001,Sell
1594520485.7612,9269.5,4.0,Sell
1594520485.7841,9269.5,0.1,Sell
1594520488.8843,9269.5,0.1,Sell
1594520488.9841,9269.5,0.1,Sell
1594520489.0842,9269.5,0.1,Sell
1594520489.1842,9269.5,0.1,Sell
1594520489.2842,9269.5,0.1,Sell
1594520489.3841,9269.5,0.1,Sell
1594520489.4842,9269.5,0.1,Sell
1594520489.5842,9269.5,0.1,Sell
1594520489.6848,9269.5,0.1,Sell
1594520489.7842,9269.5,0.1,Sell
1594520489.8842,9269.5,0.1,Sell
1594520489.9841,9269.5,0.1,Sell
1594520490.0842,9269.5,0.1,Sell
1594520490.185,9269.5,0.1,Sell
1594520490.2841,9269.5,0.1,Sell
1594520490.3841,9269.5,0.1,Sell
1594520490.4842,9269.5,0.1,Sell
1594520490.5842,9269.5,0.1,Sell
1594520490.6843,9269.5,0.1,Sell
1594520490.7842,9269.5,0.1,Sell
1594520490.8842,9269.5,0.1,Sell
1594520490.9842,9269.5,0.1,Sell
1594520491.0842,9269.5,0.1,Sell
1594520491.1842,9269.5,0.1,Sell
1594520491.2842,9269.5,0.1,Sell
1594520491.3842,9269.5,0.1,Sell
1594520491.4841,9269.5,0.1,Sell
1594520491.5842,9269.5,0.1,Sell
1594520491.6843,9269.5,0.1,Sell
1594520491.7842,9269.5,0.1,Sell
1594520491.8842,9269.5,0.1,Sell
1594520491.9842,9269.5,0.1,Sell
1594520492.0841,9269.5,0.1,Sell
1594520492.1842,9269.5,0.1,Sell
1594520492.2842,9269.5,0.1,Sell
1594520492.3842,9269.5,0.1,Sell
1594520492.4841,9269.5,0.1,Sell
1594520492.5841,9269.5,0.1,Sell
1594520492.6842,9269.5,0.1,Sell
1594520492.7842,9269.5,0.1,Sell
1594520492.8844,9269.5,0.1,Sell
1594520521.2297,9270.0,0.001,Buy
1594520529.259,9269.5,0.001,Sell
1594520581.4326,9270.0,0.001,Buy
1594520581.4836,9269.5,0.001,Sell
1594520583.8732,9269.5,0.005,Sell
1594520583.8732,9269.5,0.001,Sell
1594520583.8732,9269.5,0.015,Sell
1594520589.4631,9269.0,0.001,Sell
1594520590.5146,9269.5,0.001,Buy
1594520617.1561,9269.0,0.001,Sell
1594520617.1561,9269.0,0.002,Sell
1594520617.1561,9269.0,0.015,Sell
1594520617.1561,9269.0,0.001,Sell
1594520617.1561,9269.0,0.001,Sell
1594520624.6291,9269.0,0.187,Buy
1594520625.256,9269.0,0.02,Buy
1594520626.1858,9269.0,0.024,Buy
1594520626.6366,9269.0,0.09,Buy
1594520633.0414,9268.5,0.998,Sell
1594520633.0414,9268.5,0.001,Sell
1594520633.0414,9268.5,0.001,Sell
1594520633.0414,9268.5,2.0,Sell
1594520637.6443,9269.0,0.814,Buy
1594520641.2614,9268.5,0.001,Sell
1594520645.1277,9268.5,3.0,Sell
1594520645.2646,9269.0,0.634,Buy
1594520645.3512,9268.5,0.001,Sell
1594520645.3512,9268.5,0.005,Sell
1594520646.3558,9268.0,0.001,Sell
1594520646.3558,9268.0,0.001,Sell
1594520646.3558,9268.0,0.002,Sell
1594520646.3558,9268.0,0.002,Sell
1594520646.3558,9268.0,0.001,Sell
1594520646.3558,9268.0,0.002,Sell
1594520646.4724,9267.5,0.158,Sell
1594520646.4965,9267.5,1.842,Sell
1594520646.4965,9267.5,0.005,Sell
1594520647.2997,9267.5,0.001,Buy
1594520648.9842,9267.0,0.001,Sell
1594520648.9842,9267.0,0.001,Sell
1594520648.9842,9267.0,0.002,Sell
1594520648.9842,9267.0,0.009,Sell
1594520648.9842,9267.0,0.001,Sell
1594520649.5842,9266.0,0.002,Sell
1594520649.5842,9266.0,0.001,Sell
1594520649.5842,9266.0,0.001,Sell
1594520649.5842,9266.0,0.095,Sell
1594520649.5842,9266.0,0.001,Sell
1594520649.6842,9266.0,0.1,Sell
1594520649.7842,9266.0,0.1,Sell
1594520649.8842,9266.0,0.1,Sell
1594520649.9844,9266.0,0.1,Sell
1594520650.0842,9266.0,0.1,Sell
1594520650.1841,9266.0,0.1,Sell
1594520650.2842,9266.0,0.1,Sell
1594520650.3842,9266.0,0.1,Sell
1594520650.4843,9266.0,0.1,Sell
1594520650.5842,9266.0,0.1,Sell
1594520650.6582,9266.5,0.022,Buy
1594520650.6841,9266.0,0.1,Sell
1594520650.7842,9266.0,0.1,Sell
1594520650.8842,9266.0,0.1,Sell
1594520650.9841,9266.0,0.1,Sell
1594520651.0842,9266.0,0.1,Sell
1594520651.1841,9266.0,0.1,Sell
1594520651.2842,9266.0,0.1,Sell
1594520651.3842,9266.0,0.1,Sell
1594520651.4842,9266.0,0.1,Sell
1594520651.5848,9266.0,0.001,Sell
1594520651.5848,9266.0,0.002,Sell
1594520651.5848,9266.0,0.005,Sell
1594520651.5848,9266.0,0.001,Sell
1594520651.5848,9266.0,0.015,Sell
1594520651.5848,9266.0,0.002,Sell
1594520651.5848,9266.0,0.005,Sell
1594520651.5848,9266.0,0.001,Sell
1594520651.5848,9266.0,0.002,Sell
1594520651.5848,9266.0,0.001,Sell
1594520651.684,9265.5,0.006,Sell
1594520651.684,9265.5,0.094,Sell
1594520651.7842,9265.5,0.1,Sell
1594520651.8842,9265.5,0.1,Sell
1594520651.9844,9265.5,0.1,Sell
1594520652.0842,9265.5,0.1,Sell
1594520652.1842,9265.5,0.1,Sell
1594520652.2841,9265.5,0.1,Sell
1594520652.3842,9265.5,0.1,Sell
1594520652.4841,9265.5,0.1,Sell
1594520652.5842,9265.5,0.1,Sell
1594520652.6841,9265.5,0.1,Sell
1594520652.7841,9265.5,0.1,Sell
1594520652.8841,9265.5,0.1,Sell
1594520652.9845,9265.5,0.1,Sell
1594520653.0842,9265.5,0.1,Sell
1594520653.1842,9265.5,0.1,Sell
1594520653.2841,9265.5,0.1,Sell
1594520653.3841,9265.5,0.1,Sell
1594520653.4841,9265.5,0.1,Sell
1594520653.5842,9265.5,0.1,Sell
1594520653.6842,9265.5,0.1,Sell
1594520653.7842,9265.5,0.1,Sell
1594520653.8841,9265.5,0.1,Sell
1594520653.9843,9265.5,0.1,Sell
1594520654.0842,9265.5,0.1,Sell
1594520654.1842,9265.5,0.1,Sell
1594520654.2841,9265.5,0.1,Sell
1594520654.3841,9265.5,0.1,Sell
1594520654.4841,9265.5,0.1,Sell
1594520654.5841,9265.5,0.1,Sell
1594520656.1859,9266.0,0.011,Buy
1594520664.2731,9266.0,0.492,Buy
1594520665.6717,9266.0,0.023,Buy
1594520682.6868,9266.0,0.016,Buy
1594520683.2815,9266.0,0.41,Buy
1594520686.1866,9266.0,0.028,Buy
1594520696.7,9266.0,0.01,Buy
1594520701.655,9265.5,0.001,Sell
1594520702.229,9266.0,0.001,Buy
1594520702.2323,9265.5,1.0,Sell
1594520702.2901,9266.0,0.023,Buy
1594520709.6893,9266.0,0.001,Buy
1594520710.261,9265.5,0.001,Sell
1594520710.715,9266.0,0.01,Buy
1594520716.1858,9266.0,0.026,Buy
1594520721.2987,9266.0,0.019,Buy
1594520724.7286,9266.0,0.015,Buy
1594520738.7437,9266.0,0.334,Buy
1594520741.3074,9266.0,0.017,Buy
1594520746.1863,9266.0,0.021,Buy
1594520752.7575,9266.0,0.011,Buy
1594520761.292,9265.5,0.001,Sell
1594520761.3164,9266.0,0.408,Buy
1594520765.7711,9266.0,0.66,Buy
1594520772.5713,9265.5,0.003,Sell
1594520772.5713,9265.5,0.002,Sell
1594520772.5713,9265.5,3.0,Sell
1594520772.5713,9265.5,12.259,Sell
1594520773.3219,9266.0,0.001,Buy
1594520775.1168,9265.5,1.2,Sell
1594520776.1859,9266.0,0.26,Buy
1594520776.3424,9265.5,0.079,Sell
1594520779.7847,9266.0,0.021,Buy
1594520781.3254,9266.0,0.006,Buy
1594520790.048,9265.5,1.0,Sell
1594520791.7981,9266.0,0.21,Buy
1594520801.3343,9266.0,0.001,Buy
1594520803.8113,9266.0,0.023,Buy
1594520808.7614,9265.5,0.5,Sell
1594520815.8246,9266.0,0.013,Buy
1594520821.3452,9266.0,0.085,Buy
1594520828.8382,9266.0,0.016,Buy
1594520842.3543,9266.0,0.028,Buy
1594520843.8518,9266.0,0.387,Buy
1594520858.8655,9266.0,0.015,Buy
1594520863.3631,9266.0,0.07,Buy
1594520873.879,9266.0,0.378,Buy
1594520881.261,9265.5,0.001,Sell
1594520883.3718,9266.0,0.008,Buy
1594520886.2904,9266.0,0.001,Buy
1594520887.8927,9266.0,0.058,Buy
1594520899.9061,9266.0,0.021,Buy
1594520903.3804,9266.0,0.781,Buy
1594520911.9198,9266.0,0.019,Buy
1594520924.3893,9266.0,0.014,Buy
1594520924.9334,9266.0,0.003,Buy
1594520931.2825,9266.0,3.0,Buy
1594520931.6112,9266.0,1.8,Buy
1594520931.6112,9266.0,0.065,Buy
1594520931.6112,9266.0,0.001,Buy
1594520931.6112,9266.0,0.009,Buy
1594520931.6112,9266.0,0.001,Buy
1594520931.6112,9266.0,0.001,Buy
1594520931.6112,9266.0,0.001,Buy
1594520931.6112,9266.0,0.005,Buy
1594520931.6112,9266.0,0.015,Buy
1594520933.1864,9266.0,0.5,Sell
1594520937.5869,9266.5,0.001,Buy
1594520937.5869,9269.0,0.183,Buy
1594520937.5869,9269.0,0.002,Buy
1594520937.5869,9269.0,0.001,Buy
1594520937.5869,9268.5,0.001,Buy
1594520937.5869,9268.0,0.002,Buy
1594520937.5869,9268.0,0.005,Buy
1594520937.5869,9268.0,0.001,Buy
1594520937.5869,9267.5,0.001,Buy
1594520937.5869,9267.0,0.002,Buy
1594520937.5869,9267.0,0.001,Buy
1594521001.3481,9269.5,0.001,Buy
1594521001.6132,9269.5,0.001,Buy
1594521001.6539,9269.5,0.001,Buy
1594521008.6445,9269.0,0.001,Sell
1594521009.6912,9269.0,0.001,Sell
1594521011.3831,9269.0,0.001,Sell
1594521034.5509,9269.0,0.001,Sell
1594521034.5509,9269.0,0.2,Sell
1594521034.5509,9269.0,0.01,Sell
1594521034.5509,9269.0,0.001,Sell
1594521034.5509,9269.0,0.009,Sell
1594521036.9861,9268.0,0.001,Sell
1594521036.9861,9268.0,0.001,Sell
1594521036.9861,9268.0,0.002,Sell
1594521036.9861,9268.0,0.054,Sell
1594521036.9861,9268.0,0.002,Sell
1594521062.4624,9267.5,0.001,Buy
1594521070.4947,9267.0,0.001,Sell
1594521166.7552,9267.0,0.001,Sell
1594521181.6268,9266.5,0.001,Sell
1594521186.1328,9266.0,0.001,Sell
1594521186.1328,9266.0,0.001,Sell
1594521186.1328,9266.0,0.002,Sell
1594521186.1815,9265.5,2.961,Sell
1594521186.1815,9265.5,0.001,Sell
1594521186.3217,9265.0,0.002,Sell
1594521186.3217,9265.0,0.002,Sell
1594521186.3217,9265.0,0.002,Sell
1594521186.3217,9265.0,0.005,Sell
1594521186.3217,9265.0,1.0,Sell
