1594166401.7355,9250.0,0.001,Buy
1594166401.7413,9254.5,0.1,Buy
1594166401.7413,9254.5,0.005,Buy
1594166401.7413,9254.5,0.001,Buy
1594166401.7413,9254.0,0.002,Buy
1594166401.7413,9254.0,0.02,Buy
1594166401.7413,9254.0,0.242,Buy
1594166401.7413,9254.0,0.001,Buy
1594166401.7413,9253.5,0.032,Buy
1594166401.7413,9253.0,0.002,Buy
1594166401.7413,9253.0,1.0,Buy
1594166401.7413,9253.0,0.002,Buy
1594166401.7413,9253.0,0.001,Buy
1594166401.7413,9252.5,0.005,Buy
1594166401.7413,9252.0,0.002,Buy
1594166401.7413,9250.0,0.001,Buy
1594166401.7413,9252.0,0.001,Buy
1594166401.7413,9251.0,0.002,Buy
1594166401.7413,9251.0,0.001,Buy
1594166401.7413,9251.0,0.001,Buy
1594166401.7413,9250.5,0.005,Buy
1594166401.7413,9250.5,0.001,Buy
1594166401.7413,9250.5,0.1,Buy
1594166401.7413,9250.0,0.001,Buy
1594166401.7413,9250.0,0.005,Buy
1594166401.7413,9250.0,0.002,Buy
1594166401.7413,9250.0,0.008,Buy
1594166401.7413,9250.0,0.02,Buy
1594166401.7413,9250.0,0.001,Buy
1594166401.7413,9250.0,0.006,Buy
1594166401.7413,9254.5,3.41,Buy
1594166401.7413,9252.0,0.02,Buy
1594166402.99,9253.0,0.016,Sell
1594166407.3168,9253.5,0.811,Buy
1594166407.3433,9253.5,0.907,Buy
1594166408.7668,9253.0,0.001,Sell
1594166413.1525,9253.0,0.018,Sell
1594166413.9949,9253.0,0.026,Sell
1594166414.9996,9253.0,0.025,Sell
1594166425.0046,9253.0,0.024,Sell
1594166426.0098,9253.0,0.001,Sell
1594166432.1612,9253.0,0.028,Sell
1594166436.015,9253.0,0.001,Sell
1594166437.0198,9253.0,0.021,Sell
1594166437.0715,9253.5,0.001,Buy
1594166437.0715,9253.5,0.1,Buy
1594166437.0715,9253.5,0.004,Buy
1594166437.1067,9254.0,0.001,Buy
1594166437.1067,9254.0,0.002,Buy
1594166441.7359,9255.0,0.002,Buy
1594166441.7359,9255.0,0.001,Buy
1594166441.7359,9255.0,1.0,Buy
1594166441.7359,9255.0,0.15,Buy
1594166441.7359,9255.0,0.08,Buy
1594166441.7837,9255.5,0.005,Buy
1594166441.8204,9256.0,0.02,Buy
1594166441.8204,9256.0,0.19,Buy
1594166441.8204,9256.0,0.001,Buy
1594166441.8204,9256.0,0.002,Buy
1594166441.9369,9257.0,0.001,Buy
1594166441.9369,9257.0,0.001,Buy
1594166441.9369,9257.0,0.002,Buy
1594166441.9369,9257.0,0.002,Buy
1594166441.9369,9257.0,0.08,Buy
1594166442.0364,9257.5,0.005,Buy
1594166442.0364,9257.5,0.006,Buy
1594166442.1363,9258.0,0.001,Buy
1594166442.1363,9258.0,0.002,Buy
1594166442.1363,9258.0,0.011,Buy
1594166442.1363,9258.0,0.02,Buy
1594166442.1363,9258.0,0.002,Buy
1594166442.2363,9258.5,0.032,Buy
1594166442.3364,9259.0,0.001,Buy
1594166442.3364,9259.0,0.001,Buy
1594166442.4363,9259.5,0.005,Buy
1594166442.6363,9260.0,0.05,Buy
1594166442.6363,9260.0,0.001,Buy
1594166442.6363,9260.0,0.049,Buy
1594166442.7362,9260.0,0.043,Buy
1594166442.7362,9260.0,0.001,Buy
1594166442.7362,9260.0,0.02,Buy
1594166442.7362,9260.0,0.036,Buy
1594166442.8363,9260.0,0.1,Buy
1594166442.9363,9260.0,0.001,Buy
1594166442.9363,9260.0,0.001,Buy
1594166442.9363,9260.0,0.001,Buy
1594166442.9363,9260.0,0.001,Buy
1594166443.0363,9261.0,0.001,Buy
1594166443.1363,9261.5,0.005,Buy
1594166443.1363,9261.5,0.095,Buy
1594166443.2363,9261.5,0.009,Buy
1594166443.2363,9261.5,0.028,Buy
1594166443.3364,9262.0,0.099,Buy
1594166443.3364,9262.0,0.001,Buy
1594166443.4363,9262.0,0.1,Buy
1594166443.5362,9262.0,0.1,Buy
1594166443.6364,9262.0,0.1,Buy
1594166443.7362,9262.0,0.1,Buy
1594166443.8363,9262.0,0.1,Buy
1594166443.9362,9262.0,0.1,Buy
1594166444.0364,9262.0,0.1,Buy
1594166444.1364,9262.0,0.1,Buy
1594166447.0248,9261.5,0.028,Sell
1594166449.0296,9261.5,0.024,Sell
1594166452.6494,9262.0,0.026,Buy
1594166453.1699,9261.5,0.018,Sell
1594166460.0348,9261.5,0.007,Sell
1594166461.0394,9261.5,0.006,Sell
1594166462.5087,9261.5,0.001,Sell
1594166462.6412,9261.5,0.001,Sell
1594166467.5123,9262.0,0.01,Buy
1594166467.5123,9262.0,0.02,Buy
1594166467.5123,9262.0,0.075,Buy
1594166470.6713,9262.0,0.001,Buy
1594166471.5419,9262.0,0.001,Buy
1594166482.3417,9261.5,0.001,Sell
1594166482.3417,9261.5,0.004,Sell
1594166482.3417,9261.0,0.001,Sell
1594166482.3417,9261.0,0.002,Sell
1594166482.3417,9260.0,0.001,Sell
1594166482.3417,9260.0,0.041,Sell
1594166490.6844,9260.0,0.002,Sell
1594166490.6844,9260.0,0.002,Sell
1594166498.0971,9258.5,0.001,Sell
1594166498.0971,9259.0,0.002,Sell
1594166498.0971,9258.5,0.096,Sell
1594166498.0971,9259.5,0.005,Sell
1594166498.0971,9260.0,0.009,Sell
1594166498.0971,9259.0,0.001,Sell
1594166506.9785,9258.5,0.05,Sell
1594166522.1147,9258.5,0.001,Sell
1594166534.1447,9259.0,0.001,Buy
1594166536.5807,9258.5,0.001,Sell
1594166536.5807,9258.5,0.004,Sell
1594166536.5807,9258.5,0.001,Sell
1594166536.5807,9258.5,0.001,Sell
1594166536.5807,9258.5,0.001,Sell
1594166536.7368,9258.0,0.002,Sell
1594166536.7368,9258.0,0.001,Sell
1594166536.7368,9258.0,0.001,Sell
1594166549.8783,9257.0,0.001,Sell
1594166549.8783,9257.0,0.216,Sell
1594166549.8783,9257.0,0.002,Sell
1594166549.8783,9257.0,0.001,Sell
1594166549.8783,9257.0,0.001,Sell
1594166552.2147,9257.0,0.068,Buy
1594166558.4832,9254.5,0.005,Sell
1594166558.4832,9254.0,0.146,Sell
1594166558.4832,9254.0,0.002,Sell
1594166558.4832,9254.0,0.002,Sell
1594166558.4832,9254.0,0.001,Sell
1594166558.4832,9256.5,0.005,Sell
1594166558.4832,9255.0,0.001,Sell
1594166558.4832,9256.0,0.002,Sell
1594166558.4832,9256.0,0.001,Sell
1594166558.4832,9256.5,0.001,Sell
1594166558.4832,9256.5,0.032,Sell
1594166558.4832,9255.0,0.002,Sell
1594166559.0268,9254.0,0.002,Sell
1594166559.0268,9254.0,0.11,Sell
1594166569.2048,9254.0,0.331,Buy
1594166581.775,9254.0,0.001,Buy
1594166591.8085,9253.5,0.001,Sell
1594166601.8157,9253.5,0.016,Sell
1594166601.8157,9253.5,0.084,Sell
1594166627.6334,9254.0,0.832,Buy
1594166627.6334,9254.0,1.314,Buy
1594166641.2859,9253.5,0.001,Sell
1594166642.6514,9253.5,0.001,Sell
1594166646.9106,9253.5,2.078,Sell
1594166647.3314,9254.0,0.001,Buy
1594166647.6859,9254.0,0.001,Buy
1594166664.8987,9253.5,0.001,Sell
1594166664.8987,9253.5,0.001,Sell
1594166664.8987,9253.5,0.17,Sell
1594166664.8987,9253.5,0.3,Sell
1594166671.2657,9253.5,0.404,Buy
1594166673.8487,9253.5,0.002,Buy
1594166690.2742,9253.5,0.905,Buy
1594166710.2826,9253.5,0.018,Buy
1594166730.2623,9253.0,0.001,Sell
1594166730.2623,9253.0,0.099,Sell
1594166730.2909,9253.5,0.681,Buy
1594166738.6088,9253.0,0.004,Sell
1594166738.6088,9253.0,0.1,Sell
1594166738.6088,9253.0,0.041,Sell
1594166738.6088,9253.0,0.002,Sell
1594166750.2993,9252.5,0.028,Buy
1594166762.2145,9252.5,0.001,Buy
1594166770.2554,9252.0,0.001,Sell
1594166770.3077,9252.5,0.349,Buy
1594166785.7682,9252.5,0.02,Buy
1594166787.8683,9254.0,0.001,Buy
1594166787.8683,9255.0,0.131,Buy
1594166787.8683,9255.0,0.002,Buy
1594166787.8683,9255.0,0.001,Buy
1594166787.8683,9254.5,0.005,Buy
1594166787.8683,9254.0,0.002,Buy
1594166787.8683,9254.0,0.001,Buy
1594166787.8683,9253.0,0.001,Buy
1594166787.8683,9253.5,0.001,Buy
1594166787.8683,9253.0,0.002,Buy
1594166787.8683,9253.0,0.001,Buy
1594166787.8683,9252.5,0.009,Buy
1594166787.8683,9252.5,0.004,Buy
1594166787.8683,9252.5,0.196,Buy
1594166787.8683,9254.0,0.001,Buy
1594166793.7161,9255.5,0.329,Buy
1594166820.4363,9255.5,2.078,Buy
1594166821.2991,9255.5,0.001,Buy
1594166821.3074,9255.5,0.001,Buy
1594166823.5083,9252.5,1.882,Sell
1594166823.5083,9253.0,0.002,Sell
1594166823.5083,9253.0,0.005,Sell
1594166823.5083,9253.0,0.001,Sell
1594166823.5083,9255.0,0.004,Sell
1594166823.5083,9254.0,0.002,Sell
1594166823.5083,9254.0,0.001,Sell
1594166823.5083,9255.0,0.002,Sell
1594166823.5083,9253.5,0.001,Sell
1594166824.3378,9252.0,0.012,Sell
1594166829.3302,9252.0,0.001,Sell
1594166829.339,9252.0,0.001,Sell
1594166830.3301,9252.0,0.224,Sell
1594166834.3427,9252.0,0.556,Sell
1594166835.3476,9252.0,0.018,Sell
1594166845.3528,9252.0,0.007,Sell
1594166847.3577,9252.0,0.012,Sell
1594166849.3408,9252.0,0.006,Sell
1594166857.2708,9252.5,0.965,Buy
1594166858.363,9252.0,0.647,Sell
1594166859.3681,9252.0,0.011,Sell
1594166865.6454,9252.0,1.0,Sell
1594166868.3498,9252.0,0.007,Sell
1594166869.3733,9252.0,0.753,Sell
1594166870.3782,9252.0,0.005,Sell
1594166907.0374,9252.0,0.001,Sell
1594166907.0374,9252.0,0.001,Sell
1594166907.0374,9252.0,0.001,Sell
1594166910.2649,9251.0,0.001,Sell
1594166910.2649,9251.0,0.142,Sell
1594166910.2649,9251.0,0.001,Sell
1594166912.3695,9251.5,0.026,Buy
1594166918.3258,9251.0,0.008,Sell
1594166918.3258,9251.0,0.019,Sell
1594166918.3258,9251.0,0.002,Sell
1594166918.3258,9251.0,0.002,Sell
1594166919.9502,9250.5,0.001,Sell
1594166919.9502,9250.5,0.009,Sell
1594166930.848,9250.0,0.002,Sell
1594166930.848,9250.0,0.006,Sell
1594166930.848,9250.0,0.002,Sell
1594166930.848,9250.0,0.032,Sell
1594166930.848,9250.0,0.001,Sell
1594166933.3778,9249.5,0.458,Buy
1594166939.7418,9246.0,0.001,Sell
1594166939.7418,9245.5,0.103,Sell
1594166939.7418,9246.0,0.002,Sell
1594166939.7418,9246.0,6.47,Sell
1594166939.7418,9246.0,0.005,Sell
1594166939.7418,9246.0,0.95,Sell
1594166939.7418,9249.0,0.001,Sell
1594166939.7418,9249.0,0.002,Sell
1594166939.7418,9249.0,0.005,Sell
1594166939.7418,9249.0,0.002,Sell
1594166939.7418,9249.0,0.005,Sell
1594166939.7418,9246.0,4.65,Sell
1594166939.7418,9249.0,0.5,Sell
1594166939.7418,9249.0,0.006,Sell
1594166939.7418,9247.0,0.002,Sell
1594166939.7418,9247.0,0.003,Sell
1594166939.7418,9247.0,0.001,Sell
1594166939.7418,9248.0,0.002,Sell
1594166939.7418,9248.0,0.01,Sell
1594166939.7418,9248.0,0.005,Sell
1594166939.7418,9248.0,0.011,Sell
1594166939.7418,9248.0,0.092,Sell
1594166939.7418,9248.0,0.001,Sell
1594166939.7418,9248.5,0.001,Sell
1594166939.7418,9246.0,0.67,Sell
1594166942.2601,9245.5,0.001,Sell
1594166950.2922,9246.0,0.001,Buy
1594166978.3542,9245.5,0.009,Sell
1594166978.3542,9245.5,0.005,Sell
1594166978.3542,9245.5,0.015,Sell
1594166978.3542,9245.5,0.005,Sell
1594166978.3542,9245.5,0.001,Sell
1594166978.3542,9245.5,0.001,Sell
1594166978.3542,9245.5,0.001,Sell
1594166978.3542,9245.5,0.015,Sell
1594166978.3542,9245.5,0.001,Sell
1594166978.3542,9245.5,0.004,Sell
1594166978.3542,9245.5,0.5,Sell
1594166978.3542,9245.5,0.001,Sell
1594166978.3542,9245.5,0.216,Sell
1594166978.3542,9245.5,0.001,Sell
1594166978.9279,9245.0,0.001,Sell
1594166978.9279,9245.0,0.001,Sell
1594166978.9279,9245.0,0.002,Sell
1594166978.9279,9245.0,0.001,Sell
1594166982.7362,9244.0,0.001,Sell
1594166982.7362,9244.0,0.001,Sell
1594166982.7362,9244.0,0.032,Sell
1594166982.7362,9244.0,0.002,Sell
1594166982.7362,9244.0,0.001,Sell
1594166982.7362,9244.0,0.001,Sell
1594166982.7362,9244.0,0.005,Sell
1594166982.7362,9244.0,0.002,Sell
1594166982.8363,9243.5,0.001,Sell
1594166982.8363,9243.5,0.005,Sell
1594166982.9363,9243.0,0.001,Sell
1594166982.9363,9243.0,0.099,Sell
1594166983.0363,9243.0,0.1,Sell
1594166983.1363,9243.0,0.043,Sell
1594166983.1363,9243.0,0.057,Sell
1594166983.2362,9243.0,0.1,Sell
1594166983.3363,9243.0,0.1,Sell
1594166983.4364,9243.0,0.1,Sell
1594166983.5364,9243.0,0.1,Sell
1594166983.6364,9243.0,0.1,Sell
1594166983.7364,9243.0,0.1,Sell
1594166983.8363,9243.0,0.1,Sell
1594166983.9362,9243.0,0.1,Sell
1594166984.0363,9243.0,0.1,Sell
1594166984.1362,9243.0,0.043,Sell
1594166984.1362,9243.0,0.002,Sell
1594166984.1362,9243.0,0.002,Sell
1594166984.1362,9243.0,0.001,Sell
1594166984.1362,9243.0,0.001,Sell
1594166984.1362,9243.0,0.001,Sell
1594166984.1362,9243.0,0.049,Sell
1594166984.1362,9243.0,0.001,Sell
1594166984.2363,9243.0,0.1,Sell
1594166984.3363,9243.0,0.067,Sell
1594166985.6364,9242.0,0.001,Sell
1594166985.6364,9242.0,0.002,Sell
1594166985.6364,9242.0,0.006,Sell
1594166985.6364,9242.0,0.091,Sell
1594166985.7364,9242.0,0.091,Sell
1594166985.7364,9242.0,0.002,Sell
1594166985.7364,9242.0,0.007,Sell
1594166985.8363,9242.0,0.025,Sell
1594166985.8363,9242.0,0.016,Sell
1594166985.8363,9242.0,0.001,Sell
1594166985.8363,9242.0,0.001,Sell
1594166995.403,9242.0,0.025,Buy
1594166997.6781,9240.5,0.2,Sell
1594166997.6781,9241.0,0.002,Sell
1594166997.6781,9241.5,0.005,Sell
1594166997.6781,9241.5,0.001,Sell
1594166997.6781,9241.5,0.001,Sell
1594166997.6781,9241.0,0.001,Sell
1594166997.6781,9241.0,0.002,Sell
1594166997.6781,9241.0,0.003,Sell
1594166997.684,9240.5,0.026,Sell
1594166997.6852,9240.5,0.105,Sell
1594167001.2806,9241.0,0.001,Buy
1594167001.4272,9240.5,0.001,Sell
1594167008.3147,9240.5,0.001,Sell
1594167011.9763,9240.5,0.149,Sell
1594167011.9763,9240.5,0.5,Sell
1594167013.4571,9240.5,0.001,Buy
1594167013.5665,9240.0,0.001,Sell
1594167013.5665,9240.0,0.001,Sell
1594167013.5665,9240.0,0.002,Sell
1594167013.6046,9239.0,0.001,Sell
1594167013.6046,9239.0,0.002,Sell
1594167013.6129,9238.5,0.001,Sell
1594167013.6129,9238.5,0.005,Sell
1594167013.6129,9238.0,0.001,Sell
1594167013.6129,9238.0,0.054,Sell
1594167013.6235,9238.0,0.03,Sell
1594167013.7306,9238.0,0.001,Sell
1594167013.7306,9238.0,0.034,Sell
1594167013.7306,9238.0,0.011,Sell
1594167013.7306,9238.0,0.002,Sell
1594167013.7306,9238.0,2.916,Sell
1594167013.9133,9237.0,0.001,Sell
1594167013.9133,9237.0,0.002,Sell
1594167013.9133,9237.0,0.002,Sell
1594167013.9133,9237.0,0.001,Sell
1594167013.9133,9237.0,0.002,Sell
1594167013.9133,9237.0,0.001,Sell
1594167013.9133,9237.0,0.003,Sell
1594167014.0347,9236.5,0.005,Sell
1594167014.0352,9236.0,0.033,Sell
1594167014.0352,9236.0,0.001,Sell
1594167016.8363,9236.0,0.007,Sell
1594167016.8363,9236.0,0.009,Sell
1594167016.8363,9236.0,0.001,Sell
1594167016.8363,9236.0,0.001,Sell
1594167016.8363,9236.0,0.008,Sell
1594167016.8363,9236.0,0.002,Sell
1594167016.8363,9236.0,0.01,Sell
1594167016.8363,9236.0,0.002,Sell
1594167016.8363,9236.0,0.001,Sell
1594167016.8363,9236.0,0.059,Sell
1594167016.9363,9236.0,0.003,Sell
1594167016.9363,9236.0,0.001,Sell
1594167016.9363,9236.0,0.002,Sell
1594167016.9363,9236.0,0.001,Sell
1594167016.9363,9236.0,0.009,Sell
1594167016.9363,9236.0,0.005,Sell
1594167016.9363,9236.0,0.077,Sell
1594167016.9363,9236.0,0.001,Sell
1594167016.9363,9236.0,0.001,Sell
1594167017.0366,9236.0,0.031,Sell
1594167017.0366,9236.0,0.001,Sell
1594167017.0366,9236.0,0.068,Sell
1594167017.1363,9236.0,0.1,Sell
1594167017.2363,9236.0,0.1,Sell
1594167017.3364,9236.0,0.1,Sell
1594167017.4362,9236.0,0.1,Sell
1594167017.5363,9236.0,0.1,Sell
1594167017.6362,9236.0,0.1,Sell
1594167017.7363,9236.0,0.1,Sell
1594167017.837,9236.0,0.1,Sell
1594167017.9366,9236.0,0.1,Sell
1594167018.0362,9236.0,0.004,Sell
1594167018.0362,9236.0,0.096,Sell
1594167030.8017,9236.5,0.01,Buy
1594167030.8017,9236.5,0.511,Buy
1594167037.4631,9236.0,0.01,Sell
1594167037.4631,9236.0,0.002,Sell
1594167037.7363,9235.5,0.032,Sell
1594167037.7363,9235.5,0.001,Sell
1594167037.7363,9235.5,0.001,Sell
1594167037.7363,9235.5,0.015,Sell
1594167037.7363,9235.5,0.001,Sell
1594167037.8364,9235.0,0.001,Sell
1594167037.8364,9235.0,0.099,Sell
1594167037.9363,9235.0,0.001,Sell
1594167037.9363,9235.0,0.001,Sell
1594167037.9363,9235.0,0.098,Sell
1594167038.0365,9235.0,0.1,Sell
1594167038.1363,9235.0,0.1,Sell
1594167038.2364,9235.0,0.1,Sell
1594167038.3363,9235.0,0.1,Sell
1594167038.4363,9235.0,0.1,Sell
1594167038.5363,9235.0,0.1,Sell
1594167038.6363,9235.0,0.1,Sell
1594167038.7364,9235.0,0.1,Sell
1594167038.8363,9235.0,0.1,Sell
1594167038.9363,9235.0,0.1,Sell
1594167039.0363,9235.0,0.186,Sell
1594167039.1363,9235.0,0.42,Sell
1594167039.1363,9235.0,0.016,Sell
1594167039.1363,9235.0,0.001,Sell
1594167039.2362,9235.0,0.038,Sell
1594167039.2362,9235.0,0.001,Sell
1594167039.2362,9235.0,0.001,Sell
1594167051.3553,9234.0,0.001,Sell
1594167051.3553,9234.0,0.002,Sell
1594167051.3553,9234.0,0.006,Sell
1594167051.3553,9234.0,0.002,Sell
1594167051.3553,9234.0,0.024,Sell
1594167051.5562,9234.0,0.035,Sell
1594167054.4294,9234.5,0.886,Buy
1594167079.5768,9234.5,0.05,Buy
1594167084.7103,9234.5,1.197,Buy
1594167087.954,9232.5,0.242,Sell
1594167087.954,9233.0,0.002,Sell
1594167087.954,9233.0,0.005,Sell
1594167087.954,9233.0,0.011,Sell
1594167087.954,9233.0,3.0,Sell
1594167087.954,9233.0,0.001,Sell
1594167087.954,9233.5,0.001,Sell
1594167087.954,9233.5,0.01,Sell
1594167087.954,9233.5,4.0,Sell
1594167087.954,9232.5,4.497,Sell
1594167087.954,9233.5,0.3,Sell
1594167087.954,9234.0,0.01,Sell
1594167087.954,9233.5,0.3,Sell
1594167087.954,9233.5,0.001,Sell
1594167087.954,9234.0,0.002,Sell
1594167087.954,9234.0,2.0,Sell
1594167087.954,9234.0,0.5,Sell
1594167087.954,9234.0,0.141,Sell
1594167087.954,9234.0,4.0,Sell
1594167087.954,9234.0,0.002,Sell
1594167087.954,9234.0,2.266,Sell
1594167087.954,9234.0,3.0,Sell
1594167087.954,9234.0,0.3,Sell
1594167087.954,9233.0,0.002,Sell
1594167089.547,9232.5,0.006,Sell
1594167091.4434,9232.5,0.797,Sell
1594167091.4434,9232.5,0.047,Sell
1594167091.5516,9232.5,0.788,Sell
1594167100.5363,9233.0,0.004,Buy
1594167100.5363,9233.0,0.002,Buy
1594167100.6364,9234.0,0.001,Buy
1594167100.6364,9234.0,0.002,Buy
1594167100.8364,9234.5,0.001,Buy
1594167100.9364,9235.0,0.001,Buy
1594167100.9364,9235.0,0.002,Buy
1594167101.0363,9235.5,0.001,Buy
1594167102.5564,9235.5,0.026,Sell
1594167104.5612,9235.5,0.011,Sell
1594167112.452,9235.5,0.011,Sell
1594167115.5661,9235.5,0.023,Sell
1594167116.6272,9236.0,0.001,Buy
1594167116.6272,9236.0,0.994,Buy
1594167116.6272,9236.0,0.005,Buy
1594167117.5707,9235.5,0.007,Sell
1594167121.345,9235.5,0.001,Sell
1594167121.5706,9236.0,0.001,Buy
1594167122.1076,9235.5,0.001,Sell
1594167126.3753,9236.0,0.001,Buy
1594167128.5756,9235.5,0.87,Sell
1594167129.5803,9235.5,0.992,Sell
1594167131.1397,9236.0,0.001,Buy
1594167131.6033,9235.5,0.001,Sell
1594167132.3533,9238.5,0.77,Buy
1594167132.3533,9238.0,0.002,Buy
1594167132.3533,9236.0,0.048,Buy
1594167132.3533,9238.0,0.032,Buy
1594167132.3533,9238.0,0.001,Buy
1594167132.3533,9237.0,0.002,Buy
1594167132.3533,9237.0,0.001,Buy
1594167132.3533,9236.5,0.009,Buy
1594167132.3533,9237.0,0.05,Buy
1594167132.3533,9236.0,0.001,Buy
1594167132.3533,9236.0,0.004,Buy
1594167132.3533,9236.0,0.015,Buy
1594167132.3533,9236.0,0.006,Buy
1594167132.3533,9236.5,0.009,Buy
1594167132.3533,9238.0,0.05,Buy
1594167177.0381,9239.0,0.001,Buy
1594167177.0381,9239.0,0.001,Buy
1594167241.2687,9239.0,0.001,Buy
1594167243.0143,9238.5,0.001,Sell
1594167249.0474,9239.0,0.001,Buy
1594167249.3035,9238.5,0.001,Sell
1594167261.7311,9238.5,0.001,Sell
1594167261.7311,9238.5,2.0,Sell
1594167261.7311,9238.5,0.001,Sell
1594167261.7311,9238.5,0.004,Sell
1594167261.7311,9238.5,0.001,Sell
1594167261.7311,9238.5,0.001,Sell
1594167261.7311,9238.5,0.001,Sell
1594167268.9676,9234.5,0.67,Sell
1594167268.9676,9235.0,0.002,Sell
1594167268.9676,9235.0,0.001,Sell
1594167268.9676,9236.0,0.002,Sell
1594167268.9676,9237.0,0.002,Sell
1594167268.9676,9234.5,0.311,Sell
1594167268.9676,9238.0,0.004,Sell
1594167268.9676,9237.0,0.001,Sell
1594167268.9676,9238.0,0.001,Sell
1594167268.9676,9238.0,0.001,Sell
1594167268.9676,9236.0,0.001,Sell
1594167268.9676,9238.0,0.002,Sell
1594167268.9676,9238.0,0.001,Sell
1594167268.9676,9238.0,0.001,Sell
1594167282.2701,9234.5,0.002,Sell
1594167303.0898,9235.0,0.001,Buy
1594167311.1205,9234.5,0.001,Sell
1594167324.8752,9235.0,0.2,Buy
1594167324.8752,9235.0,0.001,Buy
1594167325.7366,9235.5,0.195,Sell
1594167326.7412,9235.5,0.022,Sell
1594167333.5454,9235.5,0.503,Sell
1594167336.7463,9235.5,0.011,Sell
1594167337.7511,9235.5,0.807,Sell
1594167347.7561,9235.5,0.022,Sell
1594167348.7611,9235.5,0.062,Sell
1594167354.5538,9235.5,0.021,Sell
1594167358.766,9235.5,0.009,Sell
1594167360.7709,9235.5,0.66,Sell
1594167361.2949,9236.0,0.001,Buy
1594167369.3252,9235.5,0.001,Sell
1594167371.7758,9235.5,0.015,Sell
1594167372.7805,9235.5,0.018,Sell
1594167373.5621,9235.5,0.643,Sell
1594167382.7854,9235.5,0.013,Sell
1594167383.7901,9235.5,0.022,Sell
1594167392.5712,9235.5,0.446,Sell
1594167393.795,9235.5,0.53,Sell
1594167394.7997,9235.5,0.024,Sell
1594167404.8047,9235.5,0.987,Sell
1594167406.8094,9235.5,0.015,Sell
1594167413.5796,9235.5,0.016,Sell
1594167417.8143,9235.5,0.028,Sell
1594167418.819,9235.5,0.028,Sell
1594167421.9459,9235.5,0.001,Sell
1594167428.8239,9235.5,0.021,Sell
1594167429.9771,9236.0,0.001,Buy
1594167430.8286,9235.5,0.17,Sell
1594167430.8286,9235.5,0.18,Sell
1594167434.5882,9235.5,0.032,Sell
1594167441.8337,9235.5,0.211,Sell
1594167442.8383,9235.5,0.088,Sell
1594167451.1874,9236.0,0.003,Buy
1594167451.1874,9236.0,0.002,Buy
1594167451.1874,9236.0,0.004,Buy
1594167451.1874,9236.0,0.015,Buy
1594167474.4702,9236.5,0.001,Buy
1594167474.4702,9236.5,0.001,Buy
1594167474.4702,9236.5,0.001,Buy
1594167474.4702,9236.5,0.001,Buy
1594167474.4702,9236.5,0.009,Buy
1594167483.1416,9236.5,0.001,Sell
1594167492.1008,9237.0,0.009,Buy
1594167492.1008,9237.0,0.001,Buy
1594167492.1008,9237.0,0.002,Buy
1594167495.175,9238.0,0.001,Buy
1594167504.9426,9239.0,0.002,Buy
1594167504.9426,9239.5,1.753,Buy
1594167504.9426,9238.0,0.216,Buy
1594167504.9426,9238.0,0.004,Buy
1594167504.9426,9238.0,0.002,Buy
1594167504.9426,9238.0,0.001,Buy
1594167504.9426,9238.5,0.001,Buy
1594167504.9426,9238.5,0.001,Buy
1594167504.9426,9239.0,0.047,Buy
1594167504.9426,9239.0,0.001,Buy
1594167504.9426,9238.0,0.563,Buy
1594167504.9426,9239.0,0.001,Buy
1594167516.6253,9239.5,0.006,Buy
1594167536.6339,9239.5,0.004,Buy
1594167550.1131,9239.5,0.028,Buy
1594167556.6421,9239.5,0.086,Buy
1594167567.2994,9236.0,1.048,Sell
1594167567.2994,9236.0,0.001,Sell
1594167567.2994,9236.5,4.0,Sell
1594167567.2994,9237.0,0.002,Sell
1594167567.2994,9238.0,0.002,Sell
1594167567.2994,9238.0,0.001,Sell
1594167567.2994,9237.0,0.001,Sell
1594167567.2994,9239.0,0.004,Sell
1594167567.2994,9239.0,0.002,Sell
1594167567.2994,9239.0,0.004,Sell
1594167567.2994,9239.0,0.001,Sell
1594167567.2994,9239.0,0.001,Sell
1594167567.2994,9239.0,0.001,Sell
1594167567.2994,9238.5,0.001,Sell
1594167569.5945,9236.0,0.002,Sell
1594167569.5945,9236.0,0.998,Sell
1594167585.0817,9236.0,2.159,Sell
1594167598.1076,9235.5,0.156,Sell
1594167598.1076,9236.0,0.004,Sell
1594167598.1076,9236.0,0.5,Sell
1594167598.1076,9236.0,1.559,Sell
1594167598.1076,9236.0,0.001,Sell
1594167598.1076,9236.0,0.011,Sell
1594167598.1076,9236.0,0.015,Sell
1594167600.96,9235.5,0.006,Sell
1594167601.9646,9235.5,0.013,Sell
1594167602.26,9235.5,0.001,Sell
1594167602.2761,9236.0,0.001,Buy
1594167607.2991,9236.0,0.001,Buy
1594167609.3055,9235.5,0.001,Sell
1594167611.9696,9235.5,0.244,Sell
1594167611.9696,9235.5,0.493,Sell
1594167613.9745,9235.5,0.318,Sell
1594167615.4477,9236.0,0.002,Buy
1594167615.4477,9236.0,0.002,Buy
1594167615.4477,9236.0,0.015,Buy
1594167615.6642,9235.5,0.013,Sell
1594167624.9794,9235.5,0.375,Sell
1594167624.9794,9235.5,0.521,Sell
1594167625.9844,9235.5,0.572,Sell
1594167634.6726,9235.5,0.007,Sell
1594167635.9893,9235.5,0.071,Sell
1594167637.9945,9235.5,0.024,Sell
1594167648.9995,9235.5,0.015,Sell
1594167650.0047,9235.5,0.021,Sell
1594167655.6811,9235.5,0.002,Sell
1594167660.01,9235.5,0.019,Sell
1594167660.5858,9236.0,0.004,Buy
1594167660.5858,9236.0,0.002,Buy
1594167661.278,9237.0,0.001,Buy
1594167662.0152,9236.5,0.772,Sell
1594167671.3105,9237.5,0.001,Sell
1594167673.0203,9237.5,0.018,Sell
1594167674.026,9237.5,0.001,Sell
1594167674.6895,9237.5,0.001,Sell
1594167679.7336,9238.0,0.001,Buy
1594167679.7336,9238.0,0.004,Buy
1594167679.7336,9238.0,0.001,Buy
1594167679.7336,9238.0,0.015,Buy
1594167684.0309,9238.5,0.02,Sell
1594167686.0358,9238.5,0.016,Sell
1594167693.4766,9239.0,0.156,Buy
1594167693.4766,9239.0,0.001,Buy
1594167707.0852,9239.0,0.042,Buy
1594167722.1577,9239.0,0.001,Buy
1594167730.2003,9238.5,0.001,Sell
1594167782.9496,9239.0,0.001,Buy
1594167783.1826,9238.5,0.001,Sell
1594167787.0495,9238.5,0.076,Sell
1594167790.9867,9238.5,0.001,Sell
1594167792.2122,9239.0,0.001,Buy
1594167795.9427,9238.5,0.004,Sell
1594167795.9427,9238.5,0.001,Sell
1594167795.9427,9238.0,0.001,Sell
1594167795.9427,9238.0,0.002,Sell
1594167795.9427,9237.0,0.08,Sell
1594167795.9427,9238.5,0.001,Sell
1594167795.9427,9237.0,0.001,Sell
1594167795.9427,9237.0,0.001,Sell
1594167841.2823,9237.0,0.001,Sell
1594167843.6482,9237.0,0.003,Sell
1594167843.6482,9237.0,0.001,Sell
1594167847.3185,9237.0,0.001,Buy
1594167881.6529,9236.5,0.004,Sell
1594167881.6529,9236.0,0.001,Sell
1594167881.6529,9236.0,0.002,Sell
1594167881.6529,9236.5,0.001,Sell
1594167901.2981,9236.0,0.001,Buy
1594167902.3161,9235.5,0.001,Sell
1594167909.3314,9235.5,0.001,Sell
1594167910.3463,9236.0,0.001,Buy
1594167919.861,9236.0,0.14,Buy
1594167919.861,9236.0,0.36,Buy
1594167928.3786,9236.0,0.002,Buy
1594167962.5426,9235.5,0.001,Sell
1594167974.5785,9236.0,0.001,Buy
1594168034.4966,9235.5,0.007,Sell
1594168067.5663,9235.5,0.01,Sell
1594168082.0135,9235.5,0.001,Sell
1594168087.0526,9236.0,0.001,Buy
1594168107.697,9235.5,0.015,Sell
1594168107.697,9235.5,0.009,Sell
1594168107.697,9235.5,0.001,Sell
1594168107.697,9235.5,0.001,Sell
1594168107.697,9235.5,0.479,Sell
1594168123.6483,9235.0,0.009,Sell
1594168123.6483,9235.0,0.001,Sell
1594168123.6483,9235.0,0.009,Sell
1594168123.6483,9235.0,0.001,Sell
1594168123.6483,9235.0,0.004,Sell
1594168123.6483,9235.0,0.001,Sell
1594168123.6483,9235.0,0.001,Sell
1594168123.6483,9235.0,0.002,Sell
1594168129.8856,9234.5,0.028,Buy
1594168139.187,9234.0,0.001,Sell
1594168139.187,9234.0,0.006,Sell
1594168139.187,9234.0,0.002,Sell
1594168139.187,9234.0,0.001,Sell
1594168139.187,9234.0,0.005,Sell
1594168139.187,9234.0,0.015,Sell
1594168139.187,9234.0,0.001,Sell
1594168151.5803,9234.0,0.607,Buy
1594168175.2313,9234.0,0.351,Buy
1594168201.3391,9234.0,0.001,Buy
1594168201.3617,9234.0,0.001,Buy
1594168201.9718,9235.0,0.001,Buy
1594168201.9718,9235.0,0.002,Buy
1594168201.9718,9235.0,0.153,Buy
1594168201.9718,9234.0,0.559,Buy
1594168201.9718,9234.0,0.004,Buy
1594168202.9814,9235.5,0.001,Buy
1594168208.3925,9235.0,0.001,Sell
1594168208.9502,9235.0,0.001,Sell
1594168211.0122,9235.0,0.001,Sell
1594168211.3785,9235.0,0.001,Sell
1594168226.7341,9235.0,0.02,Sell
1594168241.4866,9235.5,0.005,Buy
1594168263.6526,9235.5,0.001,Buy
1594168271.6866,9235.0,0.001,Sell
1594168360.8565,9235.0,0.025,Sell
1594168363.1154,9235.5,0.002,Buy
1594168381.665,9235.0,0.001,Sell
1594168389.6933,9235.5,0.001,Buy
1594168396.3365,9235.0,0.1,Sell
1594168396.4363,9235.0,0.1,Sell
1594168396.5363,9235.0,0.05,Sell
1594168396.5363,9235.0,0.002,Sell
1594168403.0032,9234.5,0.284,Buy
1594168422.0083,9234.5,0.01,Buy
1594168422.0118,9234.5,0.001,Buy
1594168441.0204,9234.5,0.793,Buy
1594168441.351,9234.0,0.001,Sell
1594168441.3808,9234.5,0.001,Buy
1594168442.1615,9234.0,0.001,Sell
1594168442.5251,9234.0,0.001,Sell
1594168448.5571,9234.5,0.001,Buy
1594168449.4118,9234.0,0.001,Sell
1594168451.2019,9234.5,0.001,Buy
1594168453.3862,9234.5,0.001,Buy
1594168460.029,9234.5,0.315,Buy
1594168480.0375,9234.5,0.025,Buy
1594168500.0462,9234.5,0.027,Buy
1594168517.5908,9234.0,0.002,Sell
1594168517.5908,9234.0,0.004,Sell
1594168517.5908,9234.0,0.001,Sell
1594168517.5908,9234.0,0.046,Sell
1594168517.5908,9234.0,0.106,Sell
1594168517.5908,9234.0,0.15,Sell
1594168517.5908,9234.0,0.05,Sell
1594168562.2502,9234.0,0.001,Sell
1594168567.2786,9234.5,0.001,Buy
1594168609.4253,9234.0,0.101,Sell
1594168619.4774,9234.5,0.359,Buy
1594168681.8185,9234.5,0.001,Buy
1594168689.8479,9234.0,0.001,Sell
1594168735.0446,9234.0,0.279,Sell
1594168735.0446,9234.0,0.05,Sell
1594168742.0013,9234.5,0.001,Buy
1594168742.7488,9234.5,0.001,Buy
1594168750.0732,9234.0,0.001,Sell
1594168752.7908,9234.0,0.001,Sell
1594168801.623,9234.5,0.001,Buy
1594168808.6541,9234.0,0.001,Sell
1594168817.1806,9234.5,0.006,Sell
1594168823.9462,9234.5,0.016,Sell
1594168825.951,9234.5,0.842,Sell
1594168836.1894,9234.5,0.079,Sell
1594168836.9559,9234.5,0.018,Sell
1594168837.9607,9234.5,0.559,Sell
1594168846.7558,9235.0,0.002,Buy
1594168847.9655,9234.5,0.013,Sell
1594168848.9704,9234.5,0.015,Sell
1594168857.1983,9234.5,0.015,Sell
1594168858.9753,9234.5,0.015,Sell
1594168860.4731,9235.0,0.01,Buy
1594168860.4731,9235.0,0.001,Buy
1594168860.4731,9235.0,0.089,Buy
1594168860.9799,9234.5,0.001,Sell
1594168861.6572,9234.5,0.001,Sell
1594168866.4363,9235.0,0.1,Buy
1594168866.4847,9235.0,0.011,Buy
1594168866.4847,9235.0,0.004,Buy
1594168866.4847,9235.0,0.006,Buy
1594168866.4847,9235.0,0.002,Buy
1594168868.5343,9236.0,0.005,Buy
1594168868.5343,9236.0,0.009,Buy
1594168868.5343,9236.0,0.032,Buy
1594168868.5343,9236.0,0.001,Buy
1594168868.5343,9236.0,0.002,Buy
1594168868.5343,9236.0,0.001,Buy
1594168868.9363,9236.5,0.005,Buy
1594168868.9363,9236.5,0.009,Buy
1594168868.9363,9236.5,0.001,Buy
1594168869.0363,9237.0,0.001,Buy
1594168869.0363,9237.0,0.05,Buy
1594168869.0363,9237.0,0.002,Buy
1594168869.1363,9238.0,0.001,Buy
1594168869.1363,9238.0,0.002,Buy
1594168869.1363,9238.0,0.05,Buy
1594168869.7017,9238.5,0.001,Buy
1594168870.3365,9238.5,0.001,Buy
1594168870.3365,9238.5,0.001,Buy
1594168870.3365,9238.5,0.001,Buy
1594168870.3365,9238.5,0.015,Buy
1594168870.3365,9238.5,0.004,Buy
1594168871.985,9238.5,0.476,Sell
1594168872.9897,9238.5,0.007,Sell
1594168878.2067,9238.5,0.028,Sell
1594168882.9947,9238.5,0.806,Sell
1594168883.9995,9238.5,0.009,Sell
1594168894.0046,9238.5,0.047,Sell
1594168895.0094,9238.5,0.755,Sell
1594168897.2151,9238.5,0.38,Sell
1594168905.0144,9238.5,0.564,Sell
1594168906.0191,9238.5,0.017,Sell
1594168916.024,9238.5,0.008,Sell
1594168916.2234,9238.5,0.01,Sell
1594168918.0288,9238.5,0.022,Sell
1594168921.3562,9238.5,0.001,Sell
1594168929.0339,9238.5,0.02,Sell
1594168931.0385,9238.5,0.029,Sell
1594168933.4149,9239.0,0.001,Buy
1594168937.2321,9238.5,0.015,Sell
1594168942.0434,9238.5,0.005,Sell
1594168944.0265,9239.0,0.001,Buy
1594168944.0265,9239.0,0.001,Buy
1594168944.0265,9239.0,0.001,Buy
1594168944.0265,9239.0,0.05,Buy
1594168944.0265,9239.0,0.5,Buy
1594168944.0265,9239.0,0.001,Buy
1594168944.0265,9239.0,0.004,Buy
1594168944.0265,9239.0,0.054,Buy
1594168944.0265,9239.0,0.004,Buy
1594168944.1363,9239.5,0.032,Buy
1594168944.1363,9239.5,0.001,Buy
1594168944.4364,9240.0,0.001,Buy
1594168944.4364,9240.0,0.04,Buy
1594168944.4364,9240.0,0.002,Buy
1594168944.4364,9240.0,0.001,Buy
1594168944.4364,9240.0,0.005,Buy
1594168944.5363,9240.0,0.001,Buy
1594168944.5363,9240.0,0.001,Buy
1594168955.0531,9240.0,0.018,Sell
1594168957.0576,9240.0,0.814,Sell
1594168958.2403,9240.0,0.004,Sell
1594168968.0625,9240.0,0.002,Sell
1594168969.0672,9240.0,0.016,Sell
1594168975.7328,9240.0,0.1,Sell
1594168977.2493,9240.0,0.928,Sell
1594168979.0721,9240.0,0.13,Sell
1594168980.077,9240.0,0.485,Sell
1594168981.6647,9240.5,0.001,Buy
1594168989.6986,9240.0,0.001,Sell
1594168990.0819,9240.0,0.128,Sell
1594168991.0868,9240.0,0.028,Sell
1594168992.996,9240.5,0.001,Buy
1594168992.996,9240.5,0.054,Buy
1594168992.996,9240.5,0.001,Buy
1594168992.996,9240.5,0.001,Buy
1594168993.1149,9241.0,0.001,Buy
1594168993.1149,9241.0,0.04,Buy
1594168993.1149,9241.0,0.005,Buy
1594168993.1149,9241.0,0.002,Buy
1594168993.1149,9241.0,0.001,Buy
1594168993.1149,9241.0,0.002,Buy
1594169041.4836,9241.5,0.001,Sell
1594169041.5373,9241.5,0.001,Sell
1594169046.5687,9242.0,0.001,Buy
1594169047.5146,9242.0,0.001,Buy
1594169062.1293,9243.0,0.04,Buy
1594169062.1293,9242.0,0.009,Buy
1594169062.1293,9242.0,0.001,Buy
1594169062.1293,9242.0,0.002,Buy
1594169062.1293,9242.0,0.006,Buy
1594169062.1293,9242.0,0.04,Buy
1594169062.1293,9242.0,0.016,Buy
1594169062.1293,9242.5,0.001,Buy
1594169062.1293,9243.0,0.001,Buy
1594169062.1293,9243.0,0.242,Buy
1594169062.1293,9243.5,1.019,Buy
1594169062.1293,9243.0,0.002,Buy
1594169064.9604,9244.0,0.001,Buy
1594169064.9604,9244.0,0.001,Buy
1594169064.9604,9244.0,0.002,Buy
1594169064.9604,9244.0,0.04,Buy
1594169064.9604,9244.0,0.2,Buy
1594169064.9604,9244.0,0.005,Buy
1594169064.9604,9244.0,0.002,Buy
1594169064.9604,9244.0,0.249,Buy
1594169098.6622,9244.0,0.035,Buy
1594169102.978,9243.5,0.001,Sell
1594169112.0123,9244.0,0.001,Buy
1594169162.0496,9244.0,0.001,Buy
1594169170.0805,9243.5,0.001,Sell
1594169221.4195,9244.0,0.001,Buy
1594169229.4513,9243.5,0.001,Sell
1594169253.7888,9244.0,0.05,Buy
1594169281.2241,9244.0,0.001,Buy
1594169287.8998,9243.5,0.001,Sell
1594169291.2556,9243.5,0.001,Sell
1594169297.1302,9243.5,0.1,Sell
1594169301.1777,9243.5,0.001,Sell
1594169323.2127,9244.0,0.01,Buy
1594169323.2127,9244.0,0.002,Buy
1594169323.2127,9244.0,0.001,Buy
1594169323.2127,9244.0,0.081,Buy
1594169323.9958,9244.5,0.012,Buy
1594169323.9958,9244.5,0.001,Buy
1594169323.9958,9244.5,0.001,Buy
1594169323.9958,9244.5,0.001,Buy
1594169338.4736,9245.0,0.001,Buy
1594169338.4736,9245.0,0.04,Buy
1594169338.4736,9245.0,0.269,Buy
1594169342.4815,9244.5,0.001,Sell
1594169347.5439,9245.0,0.35,Buy
1594169347.5439,9245.0,0.081,Buy
1594169347.5439,9249.0,0.04,Buy
1594169347.5439,9246.0,0.04,Buy
1594169347.5439,9249.0,0.011,Buy
1594169347.5439,9249.0,0.001,Buy
1594169347.5439,9249.0,0.002,Buy
1594169347.5439,9249.0,0.001,Buy
1594169347.5439,9248.5,0.001,Buy
1594169347.5439,9248.0,0.002,Buy
1594169347.5439,9248.0,0.005,Buy
1594169347.5439,9248.0,0.04,Buy
1594169347.5439,9246.0,0.09,Buy
1594169347.5439,9248.0,0.092,Buy
1594169347.5439,9248.0,0.001,Buy
1594169347.5439,9247.5,3.0,Buy
1594169347.5439,9247.0,0.002,Buy
1594169347.5439,9249.0,0.586,Buy
1594169347.5439,9247.0,0.04,Buy
1594169347.5439,9247.0,0.001,Buy
1594169347.5439,9246.0,0.002,Buy
1594169347.5439,9246.0,0.005,Buy
1594169347.5439,9248.0,0.011,Buy
1594169347.5439,9246.0,0.001,Buy
1594169350.5137,9248.5,0.001,Buy
1594169363.0675,9248.5,1.719,Buy
1594169363.0675,9248.5,2.266,Buy
1594169401.685,9248.5,0.001,Buy
1594169401.8363,9248.0,0.004,Sell
1594169401.8363,9248.0,0.002,Sell
1594169401.8363,9248.0,0.081,Sell
1594169401.8363,9248.0,0.001,Sell
1594169401.8363,9248.0,0.001,Sell
1594169401.9364,9247.0,0.001,Sell
1594169401.9364,9247.0,0.002,Sell
1594169403.0015,9246.0,0.001,Sell
1594169405.3364,9246.0,0.094,Sell
1594169405.3364,9246.0,0.001,Sell
1594169405.3364,9246.0,0.004,Sell
1594169405.3364,9246.0,0.001,Sell
1594169405.4369,9246.0,0.1,Sell
1594169405.5363,9246.0,0.022,Sell
1594169405.5363,9246.0,0.004,Sell
1594169405.5363,9246.0,0.002,Sell
1594169408.7326,9245.0,0.001,Sell
1594169415.0334,9245.5,0.001,Buy
1594169417.4402,9245.5,0.681,Buy
1594169425.6494,9245.0,0.216,Sell
1594169425.6494,9245.0,0.002,Sell
1594169425.6494,9244.0,0.002,Sell
1594169425.6494,9244.0,0.001,Sell
1594169426.4127,9243.5,0.001,Sell
1594169426.4127,9243.5,0.004,Sell
1594169426.4127,9243.5,0.216,Sell
1594169426.5365,9243.0,0.001,Sell
1594169426.5365,9243.0,0.005,Sell
1594169426.5365,9243.0,0.002,Sell
1594169427.4364,9242.0,0.001,Sell
1594169427.4364,9242.0,0.002,Sell
1594169427.4364,9242.0,0.001,Sell
1594169437.4486,9242.0,0.274,Buy
1594169452.5508,9242.0,0.002,Buy
1594169479.89,9242.0,0.298,Buy
1594169479.89,9242.0,0.063,Buy
1594169479.89,9242.0,0.367,Buy
1594169479.9234,9241.5,0.013,Sell
1594169479.9234,9241.5,0.001,Sell
1594169479.9234,9241.5,2.266,Sell
1594169479.9234,9241.5,4.0,Sell
1594169479.9234,9241.5,2.266,Sell
1594169479.9234,9241.5,2.0,Sell
1594169479.9234,9241.5,0.012,Sell
1594169479.9234,9241.5,4.442,Sell
1594169498.9377,9241.5,0.038,Sell
1594169498.9377,9241.5,0.062,Sell
1594169521.7851,9241.5,0.001,Sell
1594169521.8721,9242.0,0.001,Buy
1594169526.8168,9242.0,0.001,Buy
1594169529.902,9241.5,0.001,Sell
1594169537.6367,9241.5,0.1,Sell
1594169556.5003,9241.5,0.003,Buy
1594169563.8002,9241.0,0.001,Sell
1594169563.8002,9240.5,0.111,Sell
1594169563.8002,9241.0,0.002,Sell
1594169563.8002,9241.0,0.3,Sell
1594169563.8002,9241.0,0.002,Sell
1594169563.8002,9241.0,0.001,Sell
1594169569.957,9241.0,0.01,Buy
1594169587.8852,9241.0,0.02,Buy
1594169641.3501,9240.5,0.001,Sell
1594169641.8418,9240.5,0.037,Sell
1594169642.1918,9241.0,0.001,Buy
1594169647.4045,9241.0,0.001,Buy
1594169650.2215,9240.5,0.001,Sell
1594169701.2857,9241.0,0.001,Buy
1594169709.3176,9240.5,0.001,Sell
1594169762.2955,9240.5,0.001,Sell
1594169766.178,9241.0,0.3,Buy
1594169771.3282,9241.0,0.001,Buy
1594169821.5843,9241.0,0.001,Buy
1594169822.1311,9240.5,0.001,Sell
1594169823.5592,9241.0,0.2,Buy
1594169830.1662,9241.0,0.001,Buy
1594169831.6169,9240.5,0.001,Sell
1594169860.5893,9241.0,0.1,Buy
1594169883.1079,9240.5,0.001,Sell
1594169895.1396,9241.0,0.001,Buy
1594170001.5802,9241.0,0.001,Buy
1594170008.6146,9240.5,0.001,Sell
1594170032.7206,9240.5,0.011,Sell
1594170036.8502,9241.0,0.5,Buy
1594170061.2436,9240.5,0.001,Sell
1594170062.7862,9240.5,0.001,Sell
1594170070.0497,9241.0,0.004,Buy
1594170070.2909,9242.0,0.001,Buy
1594170070.5384,9242.0,0.097,Buy
1594170070.5384,9242.0,0.001,Buy
1594170070.5384,9242.0,0.002,Buy
1594170070.6364,9242.0,0.1,Buy
1594170070.7362,9242.0,0.019,Buy
1594170070.816,9243.0,0.001,Buy
1594170078.9472,9242.5,0.024,Sell
1594170080.9519,9242.5,0.023,Sell
1594170087.7385,9242.5,0.025,Sell
1594170091.9578,9242.5,0.021,Sell
1594170092.9626,9242.5,0.015,Sell
1594170101.4212,9243.0,0.002,Buy
1594170101.4212,9243.0,0.005,Buy
1594170118.4851,9243.5,0.004,Buy
1594170118.4851,9243.5,2.266,Buy
1594170118.4851,9243.5,0.001,Buy
1594170118.4851,9243.5,0.001,Buy
1594170121.3967,9243.5,0.001,Sell
1594170122.6435,9244.0,0.001,Buy
1594170122.6435,9244.0,0.002,Buy
1594170122.6435,9244.0,0.001,Buy
1594170122.6435,9244.0,0.001,Buy
1594170130.973,9245.0,0.001,Buy
1594170130.973,9245.0,0.004,Buy
1594170130.973,9245.0,0.002,Buy
1594170133.4287,9246.0,0.001,Buy
1594170139.9964,9245.5,0.039,Sell
1594170142.0012,9245.5,0.5,Sell
1594170142.8388,9246.0,0.032,Buy
1594170142.8388,9246.0,0.015,Buy
1594170142.8388,9246.0,0.001,Buy
1594170142.8388,9246.0,0.005,Buy
1594170167.1217,9246.0,0.017,Sell
1594170181.2585,9246.5,0.001,Buy
1594170191.2899,9246.0,0.001,Sell
1594170242.2613,9246.0,0.001,Sell
1594170242.9735,9246.0,0.001,Sell
1594170247.3063,9246.5,0.001,Buy
1594170249.0088,9246.5,0.001,Buy
1594170305.3209,9246.0,0.07,Sell
1594170305.3209,9246.0,0.121,Sell
1594170327.9854,9246.5,0.048,Buy
1594170327.9854,9246.5,0.05,Buy
1594170327.9854,9246.5,0.212,Buy
1594170343.996,9246.0,0.005,Sell
1594170361.762,9246.5,0.001,Buy
1594170369.7943,9246.0,0.001,Sell
1594170421.3678,9246.5,0.001,Buy
1594170421.3936,9246.5,0.001,Buy
1594170429.4025,9246.0,0.001,Sell
1594170429.4249,9246.0,0.001,Sell
1594170506.7794,9246.0,0.009,Sell
1594170541.2565,9246.0,0.001,Sell
1594170549.291,9246.5,0.001,Buy
1594170568.5269,9246.5,0.002,Buy
1594170600.4761,9246.5,0.5,Buy
1594170603.1031,9246.5,0.001,Buy
1594170603.7994,9246.0,0.001,Sell
1594170610.1396,9246.0,0.001,Sell
1594170615.8332,9246.5,0.001,Buy
1594170721.3093,9246.0,0.001,Sell
1594170722.2104,9246.5,0.001,Buy
1594170722.3419,9246.0,0.001,Sell
1594170726.3401,9246.5,0.001,Buy
1594170731.3745,9246.5,0.001,Buy
1594170732.2405,9246.0,0.001,Sell
1594170770.3836,9246.5,0.1,Buy
1594170770.3836,9246.5,0.009,Buy
1594170770.3836,9247.0,0.001,Buy
1594170770.3836,9248.0,0.001,Buy
1594170770.3836,9248.0,0.246,Buy
1594170783.7729,9247.5,0.29,Sell
1594170783.7729,9247.5,0.01,Sell
1594170784.5154,9247.5,0.724,Sell
1594170791.037,9247.5,0.028,Sell
1594170794.5204,9247.5,0.013,Sell
1594170796.5251,9247.5,0.007,Sell
1594170807.5302,9247.5,0.424,Sell
1594170808.535,9247.5,0.02,Sell
1594170812.0456,9247.5,0.027,Sell
1594170816.3491,9247.5,0.06,Sell
1594170818.5399,9247.5,0.023,Sell
1594170819.5447,9247.5,0.008,Sell
1594170822.2417,9248.0,0.213,Buy
1594170825.9707,9247.5,0.2,Sell
1594170829.5496,9247.5,0.004,Sell
1594170830.5544,9247.5,0.024,Sell
1594170833.0542,9247.5,0.57,Sell
1594170840.5595,9247.5,0.401,Sell
1594170841.5641,9247.5,0.395,Sell
1594170842.9349,9247.5,0.001,Sell
1594170843.2695,9248.0,0.001,Buy
1594170848.9715,9248.0,0.001,Buy
1594170851.3025,9247.5,0.001,Sell
1594170851.569,9247.5,0.021,Sell
1594170852.5737,9247.5,0.501,Sell
1594170854.0627,9247.5,0.572,Sell
1594170862.5786,9247.5,0.669,Sell
1594170864.5834,9247.5,0.004,Sell
1594170866.5364,9248.0,0.01,Buy
1594170866.5364,9248.0,0.015,Buy
1594170866.5364,9248.0,0.002,Buy
1594170866.5364,9248.0,0.032,Buy
1594170866.5364,9248.0,0.001,Buy
1594170866.5364,9248.0,0.001,Buy
1594170866.6162,9248.5,0.001,Buy
1594170866.6162,9248.5,0.001,Buy
1594170866.6418,9249.0,0.001,Buy
1594170866.6418,9249.0,0.002,Buy
1594170866.6418,9249.0,0.002,Buy
1594170866.6636,9249.5,0.001,Buy
1594170866.6895,9250.0,0.3,Buy
1594170866.6895,9250.0,0.006,Buy
1594170866.6895,9250.0,0.002,Buy
1594170866.6895,9250.0,0.005,Buy
1594170866.6895,9250.0,0.002,Buy
1594170866.6895,9250.0,0.034,Buy
1594170866.6895,9250.0,0.04,Buy
1594170866.6895,9250.0,0.001,Buy
1594170866.7363,9251.0,0.058,Buy
1594170866.7363,9251.0,0.04,Buy
1594170866.7363,9251.0,0.001,Buy
1594170866.7363,9251.0,0.001,Buy
1594170866.8364,9251.0,0.1,Buy
1594170866.9383,9251.0,0.1,Buy
1594170866.9859,9251.0,0.25,Buy
1594170866.9859,9251.0,0.052,Buy
1594170866.9859,9251.0,0.002,Buy
1594170867.0366,9251.5,0.032,Buy
1594170867.1363,9252.0,0.001,Buy
1594170867.1363,9252.0,0.04,Buy
1594170867.1363,9252.0,0.005,Buy
1594170867.1363,9252.0,0.002,Buy
1594170867.1363,9252.0,0.001,Buy
1594170867.1417,9251.5,0.728,Sell
1594170867.2363,9253.0,0.001,Buy
1594170867.2363,9253.0,0.002,Buy
1594170867.2363,9253.0,0.002,Buy
1594170867.2363,9253.0,0.04,Buy
1594170867.2363,9253.0,0.003,Buy
1594170867.3365,9254.0,0.099,Buy
1594170867.3365,9254.0,0.001,Buy
1594170867.342,9254.0,0.006,Buy
1594170867.4363,9254.0,0.1,Buy
1594170867.5363,9254.0,0.037,Buy
1594170867.5363,9254.0,0.04,Buy
1594170867.5363,9254.0,0.005,Buy
1594170867.5363,9254.0,0.018,Buy
1594170867.6363,9254.0,0.1,Buy
1594170867.7363,9254.0,0.1,Buy
1594170867.8364,9254.0,0.1,Buy
1594170867.9363,9254.0,0.1,Buy
1594170868.0363,9254.0,0.1,Buy
1594170868.1363,9254.0,0.1,Buy
1594170868.2368,9254.0,0.1,Buy
1594170868.3364,9254.0,0.1,Buy
1594170868.4367,9254.0,0.1,Buy
1594170868.5363,9254.0,0.1,Buy
1594170868.6364,9254.0,0.1,Buy
1594170868.7363,9254.0,0.001,Buy
1594170868.7363,9254.0,0.099,Buy
1594170868.8362,9254.0,0.1,Buy
1594170868.9362,9254.0,0.017,Buy
1594170868.9362,9254.0,0.083,Buy
1594170869.0363,9254.0,0.1,Buy
1594170869.1363,9254.0,0.001,Buy
1594170869.1363,9254.0,0.001,Buy
1594170869.1363,9254.0,0.081,Buy
1594170869.1363,9254.0,0.006,Buy
1594170869.1363,9254.0,0.001,Buy
1594170869.1363,9254.0,0.01,Buy
1594170869.2364,9254.0,0.001,Buy
1594170869.2364,9254.0,0.001,Buy
1594170869.2364,9254.0,0.001,Buy
1594170873.0728,9254.5,0.739,Sell
1594170875.5884,9254.5,0.733,Sell
1594170875.946,9255.0,0.001,Buy
1594170875.946,9255.0,0.001,Buy
1594170875.946,9255.0,0.04,Buy
1594170875.946,9255.0,0.5,Buy
1594170875.946,9255.0,0.3,Buy
1594170875.946,9255.0,0.158,Buy
1594170876.5932,9254.5,0.001,Sell
1594170878.1364,9255.0,0.001,Buy
1594170878.1364,9255.0,0.002,Buy
1594170878.1364,9255.0,0.001,Buy
1594170878.2366,9255.5,0.001,Buy
1594170878.3364,9256.0,0.001,Buy
1594170878.3364,9256.0,0.003,Buy
1594170878.3364,9256.0,0.096,Buy
1594170878.3465,9256.0,0.17,Buy
1594170878.4363,9256.0,0.1,Buy
1594170878.5363,9256.0,0.1,Buy
1594170883.223,9256.0,0.534,Buy
1594170883.223,9256.0,0.466,Buy
1594170886.5981,9255.5,0.57,Sell
1594170887.6038,9255.5,0.086,Sell
1594170887.8364,9256.0,0.1,Buy
1594170887.9363,9256.0,0.1,Buy
1594170888.0363,9256.0,0.1,Buy
1594170888.1367,9256.0,0.1,Buy
1594170888.2365,9256.0,0.1,Buy
1594170888.3362,9256.0,0.1,Buy
1594170888.4363,9256.0,0.1,Buy
1594170888.5364,9256.0,0.1,Buy
1594170888.6363,9256.0,0.1,Buy
1594170888.7363,9256.0,0.1,Buy
1594170888.8363,9256.0,0.1,Buy
1594170888.9362,9256.0,0.1,Buy
1594170889.0362,9256.0,0.1,Buy
1594170889.1363,9256.0,0.019,Buy
1594170889.1363,9256.0,0.081,Buy
1594170889.2364,9256.0,0.1,Buy
1594170889.3364,9256.0,0.1,Buy
1594170889.4363,9256.0,0.019,Buy
1594170889.4363,9256.0,0.002,Buy
1594170889.4363,9256.0,0.001,Buy
1594170889.9932,9258.0,0.355,Buy
1594170889.9932,9258.0,0.005,Buy
1594170889.9932,9258.0,0.009,Buy
1594170889.9932,9258.0,0.011,Buy
1594170889.9932,9258.0,0.002,Buy
1594170889.9932,9258.0,0.001,Buy
1594170889.9932,9257.0,0.002,Buy
1594170889.9932,9257.0,0.04,Buy
1594170889.9932,9257.0,0.001,Buy
1594170889.9932,9257.0,0.064,Buy
1594170889.9932,9257.0,0.001,Buy
1594170889.9932,9256.5,0.001,Buy
1594170889.9932,9257.5,0.006,Buy
1594170889.9932,9256.5,0.001,Buy
1594170889.9932,9258.0,0.001,Buy
1594170901.1976,9258.0,1.0,Buy
1594170901.3395,9258.0,0.001,Buy
1594170905.6762,9258.0,1.0,Buy
1594170909.375,9257.5,0.001,Sell
1594170912.488,9258.0,0.359,Buy
1594170913.1775,9257.5,0.009,Sell
1594170913.1775,9257.5,0.291,Sell
1594170961.9608,9258.0,0.001,Buy
1594170969.9922,9257.5,0.001,Sell
1594170996.0112,9258.0,0.5,Buy
1594171021.2511,9257.5,0.001,Sell
1594171029.281,9258.0,0.001,Buy
1594171033.5109,9258.0,0.32,Buy
1594171045.0686,9258.0,0.01,Buy
1594171082.4526,9257.5,0.001,Sell
1594171092.6529,9257.5,0.042,Sell
1594171094.4892,9258.0,0.001,Buy
1594171139.011,9258.0,1.0,Buy
1594171139.011,9258.0,0.001,Buy
1594171139.011,9258.0,0.009,Buy
1594171139.011,9258.0,1.0,Buy
1594171139.011,9258.0,0.167,Buy
1594171139.011,9258.0,1.723,Buy
1594171139.011,9258.0,0.1,Buy
1594171139.0365,9258.0,0.1,Buy
1594171139.0528,9258.0,0.072,Buy
1594171139.0738,9258.0,0.061,Buy
1594171139.0864,9258.0,0.412,Buy
1594171139.1367,9258.5,0.001,Buy
1594171139.1367,9258.5,0.001,Buy
1594171139.1367,9258.5,0.098,Buy
1594171139.1495,9259.0,0.154,Buy
1594171139.1495,9259.0,0.009,Buy
1594171139.1495,9259.0,0.001,Buy
1594171139.1495,9258.5,1.202,Buy
1594171139.1495,9259.0,0.001,Buy
1594171139.1495,9258.5,0.001,Buy
1594171139.1495,9258.5,0.902,Buy
1594171139.1495,9259.0,0.001,Buy
1594171139.1512,9259.0,0.002,Buy
1594171139.1512,9260.0,0.001,Buy
1594171139.1512,9260.0,1.704,Buy
1594171139.1512,9260.0,0.001,Buy
1594171139.1512,9260.0,0.04,Buy
1594171139.1512,9260.0,0.2,Buy
1594171139.1512,9260.0,0.2,Buy
1594171139.1512,9260.0,0.092,Buy
1594171139.1512,9259.0,0.031,Buy
1594171139.1819,9260.0,1.973,Buy
1594171139.1819,9260.0,0.005,Buy
1594171139.1819,9260.0,0.1,Buy
1594171139.1819,9260.5,0.001,Buy
1594171139.1819,9260.0,0.002,Buy
1594171139.2363,9261.0,0.001,Buy
1594171139.2363,9261.0,0.001,Buy
1594171139.2363,9261.0,0.04,Buy
1594171139.2363,9261.0,0.002,Buy
1594171139.3364,9262.0,0.002,Buy
1594171139.3364,9262.0,0.04,Buy
1594171139.3364,9262.0,0.005,Buy
1594171139.3364,9262.0,0.001,Buy
1594171139.4377,9263.0,0.001,Buy
1594171139.4377,9263.0,0.002,Buy
1594171139.4377,9263.0,0.034,Buy
1594171139.4377,9263.0,0.04,Buy
1594171139.4377,9263.0,0.001,Buy
1594171139.4377,9263.0,0.022,Buy
1594171139.4431,9265.0,0.001,Buy
1594171139.4431,9265.0,0.002,Buy
1594171139.4431,9265.0,0.011,Buy
1594171139.4431,9265.0,0.2,Buy
1594171139.4431,9265.0,0.002,Buy
1594171139.4431,9264.5,0.1,Buy
1594171139.4431,9265.0,0.04,Buy
1594171139.4431,9265.0,0.634,Buy
1594171139.4431,9265.0,0.002,Buy
1594171139.4431,9264.5,0.1,Buy
1594171139.4431,9264.5,0.001,Buy
1594171139.4431,9264.5,0.004,Buy
1594171139.4431,9264.5,0.242,Buy
1594171139.4431,9264.0,0.005,Buy
1594171139.4431,9264.0,0.04,Buy
1594171139.4431,9264.0,0.001,Buy
1594171139.4431,9264.0,0.001,Buy
1594171139.4431,9264.0,0.001,Buy
1594171139.4431,9263.0,0.002,Buy
1594171139.4431,9263.0,0.01,Buy
1594171139.4431,9264.5,0.1,Buy
1594171139.4431,9264.0,0.001,Buy
1594171139.4431,9264.5,0.5,Buy
1594171139.7364,9265.5,0.1,Buy
1594171139.8363,9265.5,0.1,Buy
1594171139.9362,9265.5,0.1,Buy
1594171140.0364,9265.5,0.1,Buy
1594171140.1364,9265.5,0.1,Buy
1594171140.2364,9265.5,0.1,Buy
1594171140.3364,9265.5,0.006,Buy
1594171140.3364,9265.5,0.001,Buy
1594171140.3364,9265.5,0.093,Buy
1594171140.4364,9265.5,0.1,Buy
1594171140.5363,9265.5,0.1,Buy
1594171148.5284,9265.0,0.216,Sell
1594171148.5284,9265.0,0.004,Sell
1594171148.5284,9265.0,0.001,Sell
1594171148.5284,9265.0,0.002,Sell
1594171148.5284,9265.0,2.777,Sell
1594171148.6153,9265.0,0.001,Sell
1594171148.6252,9264.0,0.002,Sell
1594171149.7793,9263.5,1.0,Buy
1594171149.8269,9263.5,0.001,Buy
1594171170.3591,9263.5,0.163,Buy
1594171170.3591,9263.5,0.637,Buy
1594171182.1332,9263.0,0.001,Sell
1594171182.1332,9263.0,0.004,Sell
1594171186.3522,9263.0,0.002,Sell
1594171186.3522,9263.0,0.004,Sell
1594171186.3522,9263.0,0.077,Sell
1594171186.3949,9262.0,0.67,Sell
1594171186.3949,9262.0,0.001,Sell
1594171186.3949,9262.0,0.65,Sell
1594171186.3949,9262.0,0.95,Sell
1594171186.5036,9262.0,0.002,Sell
1594171201.323,9261.0,0.001,Sell
1594171201.4108,9261.5,0.001,Buy
1594171206.356,9261.5,0.001,Buy
1594171208.4476,9261.0,0.001,Sell
1594171209.8471,9261.0,0.002,Sell
1594171209.8471,9261.0,0.299,Sell
1594171211.2195,9260.5,0.016,Buy
1594171231.2279,9260.5,0.039,Buy
1594171233.5504,9258.0,0.032,Sell
1594171233.5504,9258.0,0.035,Sell
1594171233.5504,9259.0,0.002,Sell
1594171233.5504,9258.0,0.001,Sell
1594171233.5504,9259.0,0.001,Sell
1594171233.5504,9260.0,0.001,Sell
1594171233.5504,9260.0,0.005,Sell
1594171233.5504,9260.0,0.002,Sell
1594171233.5504,9258.5,0.001,Sell
1594171262.3098,9258.5,0.001,Buy
1594171272.366,9258.0,0.001,Sell
1594171322.9221,9258.5,0.001,Buy
1594171324.4841,9258.0,0.05,Sell
1594171330.959,9258.0,0.001,Sell
1594171333.0965,9258.0,0.248,Sell
1594171333.0965,9258.0,1.552,Sell
1594171350.6741,9258.0,1.0,Sell
1594171366.0895,9258.0,1.0,Sell
1594171381.3612,9258.0,0.001,Sell
1594171382.149,9258.5,0.001,Buy
1594171390.1925,9257.5,0.001,Sell
1594171390.3924,9258.0,0.001,Buy
1594171391.1037,9257.5,0.3,Sell
1594171391.1037,9257.5,0.069,Sell
1594171391.1037,9257.5,2.0,Sell
1594171391.1037,9257.5,0.005,Sell
1594171391.1847,9257.0,0.001,Sell
1594171391.1847,9257.0,0.002,Sell
1594171391.1847,9257.0,0.001,Sell
1594171391.1847,9257.0,0.002,Sell
1594171391.1847,9257.0,2.0,Sell
1594171391.1847,9257.0,0.3,Sell
1594171393.9882,9256.5,0.05,Buy
1594171394.2952,9256.5,0.005,Buy
1594171414.304,9256.5,0.01,Buy
1594171441.792,9256.0,0.001,Sell
1594171447.8287,9256.5,0.001,Buy
1594171495.9026,9256.0,0.001,Sell
1594171495.9026,9256.0,0.146,Sell
1594171495.9026,9256.0,0.01,Sell
1594171496.7519,9256.5,0.357,Buy
1594171501.3989,9256.0,0.001,Sell
1594171502.3655,9256.5,0.001,Buy
1594171506.4011,9256.5,0.376,Buy
1594171509.4374,9256.5,0.001,Buy
1594171510.4034,9256.0,0.001,Sell
1594171519.293,9256.5,0.5,Buy
1594171562.39,9256.0,0.001,Sell
1594171573.5503,9256.5,0.1,Buy
1594171574.4304,9256.5,0.001,Buy
1594171586.9107,9256.5,0.3,Buy
1594171594.2948,9256.0,0.012,Sell
1594171594.2948,9256.0,0.051,Sell
1594171594.2948,9256.0,0.092,Sell
1594171597.8615,9256.5,0.1,Buy
1594171597.8615,9256.5,0.216,Buy
1594171597.8615,9256.5,0.081,Buy
1594171597.8615,9256.5,0.004,Buy
1594171597.8615,9256.5,0.001,Buy
1594171597.8615,9256.5,0.009,Buy
1594171597.8615,9256.5,0.168,Buy
1594171603.2047,9256.5,0.015,Sell
1594171604.2097,9256.5,0.293,Sell
1594171611.2612,9257.0,0.002,Buy
1594171611.2612,9257.0,0.001,Buy
1594171611.2612,9257.0,0.015,Buy
1594171611.2612,9257.0,0.005,Buy
1594171611.2612,9257.0,0.001,Buy
1594171611.2612,9257.0,0.002,Buy
1594171611.2612,9257.0,0.001,Buy
1594171627.9912,9257.5,0.001,Buy
1594171642.4006,9258.0,0.001,Buy
1594171642.4006,9258.0,0.001,Buy
1594171642.4006,9258.0,0.498,Buy
1594171662.8896,9258.0,0.004,Buy
1594171662.8896,9258.0,0.001,Buy
1594171664.8164,9258.5,0.029,Buy
1594171678.5876,9258.5,0.001,Buy
1594171678.5876,9258.5,0.054,Buy
1594171678.5876,9258.5,0.015,Buy
1594171678.5876,9258.5,0.205,Buy
1594171680.2141,9259.0,0.001,Buy
1594171680.2141,9259.0,0.004,Buy
1594171681.2694,9258.5,0.001,Sell
1594171682.1024,9259.0,0.005,Buy
1594171686.2998,9259.0,0.001,Buy
1594171687.6297,9259.0,0.99,Buy
1594171687.6297,9259.0,0.001,Buy
1594171687.6297,9259.0,0.001,Buy
1594171687.6297,9259.0,0.009,Buy
1594171687.6297,9259.0,0.002,Buy
1594171688.2718,9259.0,0.32,Sell
1594171689.2765,9259.0,0.016,Sell
1594171693.4938,9259.5,0.001,Buy
1594171693.4938,9259.5,0.009,Buy
1594171698.4213,9259.0,0.001,Sell
1594171699.2815,9259.0,0.019,Sell
1594171700.2862,9259.0,0.013,Sell
1594171702.5005,9259.5,0.291,Buy
1594171702.5005,9259.5,0.043,Buy
1594171710.2917,9259.0,0.027,Sell
1594171712.2965,9259.0,0.02,Sell
1594171717.4301,9259.0,0.012,Sell
1594171723.3015,9259.0,0.28,Sell
1594171725.3064,9259.0,0.019,Sell
1594171726.0422,9259.0,0.25,Sell
1594171736.3115,9259.0,0.026,Sell
1594171736.4384,9259.0,0.512,Sell
1594171736.992,9259.0,0.191,Sell
1594171737.0843,9259.5,1.957,Buy
1594171737.0843,9259.5,0.001,Buy
1594171737.0843,9259.5,0.001,Buy
1594171737.0843,9259.5,0.001,Buy
1594171737.1363,9260.0,0.097,Buy
1594171737.1363,9260.0,0.002,Buy
1594171737.1363,9260.0,0.001,Buy
1594171737.3363,9260.5,0.001,Buy
1594171737.4362,9261.0,0.001,Buy
1594171737.4362,9261.0,0.005,Buy
1594171737.4362,9261.0,0.002,Buy
1594171737.5365,9262.0,0.001,Buy
1594171737.5365,9262.0,0.002,Buy
1594171737.5365,9262.0,0.097,Buy
1594171737.6363,9262.5,0.068,Buy
1594171737.6363,9262.5,0.032,Buy
1594171737.7363,9262.5,0.1,Buy
1594171737.8364,9262.5,0.1,Buy
1594171738.3162,9262.0,0.023,Sell
1594171742.7251,9262.5,0.2,Buy
1594171749.322,9262.0,0.875,Sell
1594171750.3267,9262.0,0.007,Sell
1594171757.4475,9262.0,0.02,Sell
1594171760.3316,9262.0,0.01,Sell
1594171763.5982,9262.5,0.005,Buy
1594171763.5982,9262.5,0.001,Buy
1594171763.5982,9262.5,2.271,Buy
1594171763.5982,9262.5,0.001,Buy
1594171763.5982,9262.5,0.001,Buy
1594171763.5982,9262.5,0.001,Buy
1594171763.5982,9262.5,0.001,Buy
1594171763.5982,9262.5,0.001,Buy
1594171763.5982,9262.5,2.865,Buy
1594171763.5982,9262.5,0.553,Buy
1594171801.3772,9262.5,0.001,Buy
1594171801.6402,9262.5,0.422,Buy
1594171801.6402,9262.5,0.299,Buy
1594171801.9374,9262.5,0.001,Buy
1594171802.334,9262.5,0.001,Buy
1594171802.6437,9262.5,1.576,Buy
1594171802.6437,9262.5,2.271,Buy
1594171802.6437,9262.5,1.176,Buy
1594171808.9817,9262.0,0.001,Sell
1594171810.3657,9262.0,0.001,Sell
1594171811.4116,9262.0,0.001,Sell
1594171846.9291,9262.5,0.001,Buy
1594171846.9291,9262.5,0.001,Buy
1594171863.5947,9262.5,0.001,Buy
1594171871.6266,9262.0,0.001,Sell
1594171902.8053,9262.0,0.022,Sell
1594171922.8365,9262.5,0.1,Buy
1594171926.5239,9262.5,0.005,Buy
1594171926.5239,9262.5,0.001,Buy
1594171926.5239,9262.5,0.001,Buy
1594171930.8729,9263.0,0.001,Buy
1594171930.8729,9263.0,0.001,Buy
1594171930.8729,9263.0,0.02,Buy
1594171934.4683,9262.5,0.267,Sell
1594171936.4731,9262.5,0.357,Sell
1594171940.5243,9262.5,0.34,Sell
1594171947.478,9262.5,0.02,Sell
1594171948.4827,9262.5,0.024,Sell
1594171958.4877,9262.5,0.013,Sell
1594171959.4923,9262.5,0.026,Sell
1594171959.5327,9262.5,0.982,Sell
1594171967.747,9263.0,0.056,Buy
1594171969.4972,9262.5,0.317,Sell
1594171970.5018,9262.5,0.582,Sell
1594171978.541,9262.5,0.025,Sell
1594171980.5066,9262.5,0.643,Sell
1594171981.5113,9262.5,0.001,Sell
1594171981.7648,9262.5,0.001,Sell
1594171986.9393,9263.0,0.124,Buy
1594171986.9393,9263.0,0.001,Buy
1594171986.9393,9263.0,0.002,Buy
1594171986.9393,9264.0,0.001,Buy
1594171986.9393,9264.0,0.001,Buy
1594171986.9393,9264.0,0.002,Buy
1594171986.9393,9265.0,0.001,Buy
1594171986.9393,9263.0,0.005,Buy
1594171986.9393,9265.0,0.005,Buy
1594171986.9393,9265.0,0.002,Buy
1594171986.9393,9265.5,0.006,Buy
1594171986.9393,9265.5,1.748,Buy
1594171986.9393,9265.0,0.1,Buy
1594171986.9393,9265.0,0.002,Buy
1594171989.7948,9265.5,0.001,Buy
1594171994.6355,9265.0,0.005,Sell
1594172010.1026,9265.5,0.041,Buy
1594172017.1783,9265.0,0.1,Sell
1594172042.8707,9265.0,0.001,Sell
1594172042.9758,9265.0,0.001,Sell
1594172042.984,9265.5,0.001,Buy
1594172042.9855,9265.0,0.001,Sell
1594172049.008,9265.5,0.001,Buy
1594172050.0605,9265.0,0.5,Sell
1594172051.0204,9265.0,0.001,Sell
1594172051.9043,9265.5,0.001,Buy
1594172055.0224,9265.5,0.001,Buy
1594172055.1865,9265.5,0.1,Buy
1594172065.0089,9265.5,0.008,Buy
1594172161.3523,9265.0,0.001,Sell
1594172161.9478,9265.0,0.5,Sell
1594172166.4016,9265.5,0.001,Buy
1594172228.8724,9265.0,0.005,Sell
1594172278.5994,9265.0,0.002,Sell
1594172282.2602,9265.5,0.001,Buy
1594172290.2946,9265.0,0.001,Sell
1594172341.435,9265.5,0.001,Buy
1594172341.4813,9265.5,0.009,Buy
1594172341.4813,9265.5,0.043,Buy
1594172342.6026,9265.5,0.001,Buy
1594172349.4759,9265.0,0.001,Sell
1594172352.635,9265.0,0.001,Sell
1594172359.7071,9265.5,0.382,Buy
1594172396.4292,9265.0,0.517,Sell
1594172406.9343,9265.5,0.001,Buy
1594172413.9798,9265.0,0.001,Sell
1594172437.4933,9265.5,0.1,Buy
1594172442.5363,9265.0,0.02,Sell
1594172442.5363,9265.0,0.004,Sell
1594172442.7308,9264.0,0.002,Sell
1594172442.7308,9264.0,0.001,Sell
1594172443.2365,9263.0,0.005,Sell
1594172443.2365,9263.0,0.002,Sell
1594172443.2365,9263.0,0.001,Sell
1594172460.749,9262.5,0.001,Buy
1594172461.2596,9262.0,0.001,Sell
1594172469.2923,9262.5,0.001,Buy
1594172480.7573,9262.5,0.023,Buy
1594172500.766,9262.5,0.007,Buy
1594172521.7747,9262.5,0.018,Buy
1594172522.8041,9262.0,0.001,Sell
1594172534.839,9262.5,0.001,Buy
1594172542.7832,9262.0,0.025,Buy
1594172563.7917,9262.0,0.027,Buy
1594172574.1747,9261.5,0.001,Sell
1594172574.1747,9261.5,0.031,Sell
1594172581.5188,9262.0,0.001,Buy
1594172584.8002,9262.0,0.022,Buy
1594172589.5518,9261.5,0.001,Sell
1594172591.6661,9261.5,0.184,Sell
1594172591.6661,9261.5,0.004,Sell
1594172606.5635,9261.0,0.001,Sell
1594172606.5635,9261.0,0.002,Sell
1594172617.4848,9258.0,0.001,Sell
1594172617.4848,9260.0,0.001,Sell
1594172617.4848,9260.0,0.005,Sell
1594172617.4848,9260.0,0.002,Sell
1594172617.4848,9259.0,0.001,Sell
1594172617.4848,9259.0,0.002,Sell
1594172617.4848,9258.0,0.002,Sell
1594172617.4848,9257.5,0.006,Sell
1594172617.4848,9257.0,0.67,Sell
1594172617.4848,9257.0,0.001,Sell
1594172617.4848,9257.0,0.002,Sell
1594172617.4848,9257.0,0.001,Sell
1594172617.4848,9257.0,0.032,Sell
1594172617.4848,9257.0,0.269,Sell
1594172617.4848,9258.0,0.005,Sell
1594172643.0506,9257.0,0.001,Sell
1594172643.0832,9257.0,0.001,Sell
1594172648.119,9257.5,0.001,Buy
1594172649.0905,9257.5,0.001,Buy
1594172662.1278,9257.0,0.5,Sell
1594172688.6605,9257.5,0.05,Buy
1594172689.7491,9257.5,0.041,Buy
1594172703.0347,9257.0,0.001,Sell
1594172705.9363,9257.5,0.1,Buy
1594172706.0363,9257.5,0.1,Buy
1594172706.1363,9257.5,0.1,Buy
1594172706.2363,9257.5,0.1,Buy
1594172706.3363,9257.5,0.004,Buy
1594172706.3363,9257.5,0.013,Buy
1594172706.4363,9258.0,0.001,Buy
1594172706.4363,9258.0,0.002,Buy
1594172706.7364,9259.0,0.001,Buy
1594172706.7364,9259.0,0.002,Buy
1594172707.7364,9259.5,0.005,Buy
1594172707.7364,9259.5,0.095,Buy
1594172707.8363,9259.5,0.1,Buy
1594172707.9365,9259.5,0.1,Buy
1594172708.0363,9259.5,0.1,Buy
1594172708.1363,9259.5,0.001,Buy
1594172708.7364,9260.0,0.001,Buy
1594172708.7364,9260.0,0.099,Buy
1594172708.8363,9260.0,0.1,Buy
1594172708.9363,9260.0,0.1,Buy
1594172709.0364,9260.0,0.1,Buy
1594172709.1363,9260.0,0.1,Buy
1594172711.1054,9259.5,0.398,Sell
1594172712.0655,9260.0,0.001,Buy
1594172713.1102,9259.5,0.774,Sell
1594172723.8568,9259.5,0.002,Sell
1594172724.1152,9259.5,0.027,Sell
1594172725.1203,9259.5,0.018,Sell
1594172735.1254,9259.5,0.003,Sell
1594172736.13,9259.5,0.27,Sell
1594172742.8654,9259.5,0.427,Sell
1594172746.1351,9259.5,0.007,Sell
1594172748.14,9259.5,0.004,Sell
1594172759.1449,9259.5,0.226,Sell
1594172761.1496,9259.5,0.024,Sell
1594172761.5263,9260.0,0.001,Buy
1594172761.874,9259.5,0.012,Sell
1594172769.557,9259.5,0.001,Sell
1594172772.1545,9259.5,0.006,Sell
1594172773.1597,9259.5,0.933,Sell
1594172775.3843,9260.0,0.499,Buy
1594172775.3843,9260.0,0.004,Buy
1594172775.3843,9260.0,0.557,Buy
1594172775.3843,9260.0,0.1,Buy
1594172775.3843,9260.0,0.002,Buy
1594172782.8829,9259.5,0.026,Sell
1594172783.1646,9259.5,0.001,Sell
1594172784.1694,9259.5,0.132,Sell
1594172788.6349,9260.0,0.05,Buy
1594172792.6001,9260.0,0.015,Buy
1594172794.1743,9259.5,0.001,Sell
1594172795.1789,9259.5,0.025,Sell
1594172795.3363,9260.0,0.1,Buy
1594172795.4143,9260.0,0.278,Buy
1594172795.4143,9260.0,0.216,Buy
1594172795.5363,9260.5,0.001,Buy
1594172795.6363,9261.0,0.001,Buy
1594172795.7363,9262.0,0.001,Buy
1594172795.7363,9262.0,0.005,Buy
1594172795.8363,9262.5,0.032,Buy
1594172795.9363,9263.0,0.001,Buy
1594172796.0363,9264.0,0.001,Buy
1594172796.0363,9264.0,0.001,Buy
1594172796.0363,9264.0,0.005,Buy
1594172796.1363,9264.0,0.044,Buy
1594172796.1363,9264.0,0.194,Buy
1594172796.2362,9264.0,0.5,Buy
1594172801.8914,9263.5,0.075,Sell
1594172801.9506,9264.0,0.5,Buy
1594172804.2188,9264.0,1.0,Buy
1594172805.1838,9263.5,0.01,Sell
1594172806.1886,9263.5,0.61,Sell
1594172816.1935,9263.5,0.004,Sell
1594172817.1982,9263.5,0.006,Sell
1594172820.8999,9263.5,0.014,Sell
1594172822.0224,9264.0,0.001,Buy
1594172827.2031,9263.5,0.851,Sell
1594172829.2079,9263.5,0.718,Sell
1594172830.066,9263.5,0.001,Sell
1594172840.2128,9263.5,0.429,Sell
1594172841.9083,9263.5,0.773,Sell
1594172842.2176,9263.5,0.335,Sell
1594172853.2226,9263.5,0.021,Sell
1594172855.2273,9263.5,0.942,Sell
1594172860.9168,9263.5,0.511,Sell
1594172860.9168,9263.5,0.11,Sell
1594172866.2323,9263.5,0.344,Sell
1594172867.2371,9263.5,0.142,Sell
1594172877.242,9263.5,0.006,Sell
1594172879.2467,9263.5,0.742,Sell
1594172881.3005,9264.0,0.001,Buy
1594172881.9253,9263.5,0.788,Sell
1594172890.2517,9263.5,0.01,Sell
1594172891.2564,9263.5,0.021,Sell
1594172891.333,9263.5,0.001,Sell
1594172893.7777,9264.0,0.01,Buy
1594172895.9379,9264.0,0.01,Buy
1594172899.1781,9264.0,0.01,Buy
1594172900.9337,9263.5,0.173,Sell
1594172901.2614,9263.5,0.012,Sell
1594172901.6566,9266.0,0.001,Buy
1594172901.6566,9266.0,0.1,Buy
1594172901.6566,9266.0,0.5,Buy
1594172901.6566,9266.0,0.005,Buy
1594172901.6566,9266.0,3.0,Buy
1594172901.6566,9267.0,0.002,Buy
1594172901.6566,9266.5,4.0,Buy
1594172901.6566,9267.0,0.001,Buy
1594172901.6566,9267.0,0.001,Buy
1594172901.6566,9266.0,0.04,Buy
1594172901.6566,9267.5,0.115,Buy
1594172901.6566,9267.5,5.59,Buy
1594172901.6566,9267.5,0.971,Buy
1594172901.6566,9266.0,0.002,Buy
1594172901.6566,9266.0,0.08,Buy
1594172901.6566,9265.5,0.006,Buy
1594172901.6566,9266.0,0.003,Buy
1594172901.6566,9266.0,0.002,Buy
1594172901.6566,9266.0,0.001,Buy
1594172901.6566,9265.0,0.418,Buy
1594172901.6566,9265.0,0.002,Buy
1594172901.6566,9265.0,0.001,Buy
1594172901.6566,9264.5,0.001,Buy
1594172901.6566,9264.5,0.001,Buy
1594172901.6566,9264.5,0.5,Buy
1594172901.6566,9264.0,0.001,Buy
1594172901.6566,9264.0,0.001,Buy
1594172901.6566,9264.0,0.03,Buy
1594172901.6566,9264.0,0.12,Buy
1594172901.6566,9264.0,0.268,Buy
1594172901.6566,9266.0,0.006,Buy
1594172901.6566,9265.0,0.05,Buy
1594172901.6566,9265.0,0.002,Buy
1594172901.6628,9263.5,0.697,Sell
1594172901.6646,9267.5,0.2,Buy
1594172901.9364,9267.5,0.027,Buy
1594172908.8705,9267.5,0.395,Buy
1594172914.9376,9267.5,0.395,Buy
1594172920.9446,9267.5,0.012,Buy
1594172921.0147,9267.5,0.395,Buy
1594172928.5194,9267.5,0.395,Buy
1594172939.9527,9267.5,0.029,Buy
1594172942.0783,9267.0,0.001,Sell
1594172950.1097,9267.5,0.001,Buy
1594172958.9611,9267.5,0.001,Buy
1594172977.9696,9267.5,0.026,Buy
1594172983.3406,9267.5,1.7,Buy
1594172983.3406,9267.5,0.3,Buy
1594172992.3912,9267.5,0.2,Buy
1594173001.5729,9267.5,0.001,Buy
1594173003.2986,9267.0,0.001,Sell
1594173008.6046,9267.0,0.001,Sell
1594173015.332,9267.5,0.001,Buy
1594173071.4818,9267.5,0.216,Buy
1594173071.4818,9267.5,0.032,Buy
1594173071.4818,9267.5,0.258,Buy
1594173071.4818,9267.5,1.0,Buy
1594173071.4818,9267.5,0.798,Buy
1594173071.4818,9267.5,0.196,Buy
1594173071.4818,9267.5,0.5,Buy
1594173081.8447,9268.0,0.001,Buy
1594173081.8447,9268.0,0.009,Buy
1594173081.8507,9268.0,0.002,Buy
1594173081.8507,9268.0,0.06,Buy
1594173081.8507,9268.0,0.2,Buy
1594173081.8507,9268.0,0.12,Buy
1594173081.8507,9268.0,0.04,Buy
1594173081.8507,9268.0,0.016,Buy
1594173081.8507,9268.0,0.001,Buy
1594173081.8507,9268.0,0.001,Buy
1594173081.8507,9268.0,0.081,Buy
1594173081.8507,9268.0,0.002,Buy
1594173081.8507,9269.0,0.001,Buy
1594173081.8507,9269.0,0.001,Buy
1594173081.8507,9269.0,0.006,Buy
1594173081.8507,9269.0,0.419,Buy
1594173081.8507,9268.0,0.05,Buy
1594173121.7236,9268.5,0.001,Sell
1594173121.8223,9269.0,0.001,Buy
1594173126.7539,9269.0,0.001,Buy
1594173129.8521,9268.5,0.001,Sell
1594173142.3366,9269.0,0.1,Buy
1594173142.3441,9269.0,4.0,Buy
1594173142.4362,9269.0,0.1,Buy
1594173142.5328,9269.0,0.009,Buy
1594173142.5328,9269.0,0.002,Buy
1594173142.5328,9269.0,0.015,Buy
1594173142.5328,9269.0,0.001,Buy
1594173142.5328,9269.0,1.0,Buy
1594173142.5328,9269.0,0.216,Buy
1594173142.5328,9269.0,0.379,Buy
1594173142.5328,9269.0,0.001,Buy
1594173142.6362,9270.0,0.003,Buy
1594173142.6362,9270.0,0.096,Buy
1594173142.6362,9270.0,0.001,Buy
1594173142.6416,9270.0,0.145,Buy
1594173142.6416,9270.0,0.083,Buy
1594173142.6416,9270.0,0.004,Buy
1594173142.6416,9270.0,0.001,Buy
1594173142.6416,9270.0,0.04,Buy
1594173142.6416,9270.0,0.055,Buy
1594173142.6418,9269.5,0.477,Sell
1594173142.6422,9270.0,0.04,Buy
1594173142.7362,9270.0,0.023,Buy
1594173142.7362,9270.0,0.077,Buy
1594173142.8363,9270.0,0.1,Buy
1594173142.9363,9270.0,0.1,Buy
1594173143.0363,9270.0,0.1,Buy
1594173143.1364,9270.0,0.1,Buy
1594173143.2362,9270.0,0.1,Buy
1594173143.3365,9270.0,0.1,Buy
1594173143.4364,9270.0,0.1,Buy
1594173143.5363,9270.0,0.1,Buy
1594173143.6364,9270.0,0.1,Buy
1594173143.7363,9270.0,0.1,Buy
1594173143.8362,9270.0,0.1,Buy
1594173143.9362,9270.0,0.1,Buy
1594173144.0363,9270.0,0.1,Buy
1594173144.1363,9270.0,0.1,Buy
1594173144.2363,9270.0,0.1,Buy
1594173144.3364,9270.0,0.1,Buy
1594173146.4205,9270.0,0.011,Buy
1594173148.4721,9269.5,0.027,Sell
1594173149.477,9269.5,0.019,Sell
1594173154.0466,9269.5,0.008,Sell
1594173159.4818,9269.5,0.406,Sell
1594173160.4865,9269.5,0.011,Sell
1594173170.4914,9269.5,0.001,Sell
1594173171.3943,9270.0,0.958,Buy
1594173171.3943,9270.0,0.1,Buy
1594173171.3943,9270.0,0.5,Buy
1594173171.3943,9270.0,1.0,Buy
1594173171.3943,9270.0,0.001,Buy
1594173171.3943,9270.0,0.001,Buy
1594173171.3943,9270.0,0.001,Buy
1594173171.3943,9270.0,0.009,Buy
1594173171.3943,9270.0,0.002,Buy
1594173171.3943,9270.0,0.001,Buy
1594173173.1193,9270.5,0.001,Buy
1594173173.1193,9270.5,0.003,Buy
1594173173.1193,9270.5,0.005,Buy
1594173173.1193,9270.5,0.001,Buy
1594173173.1193,9270.5,0.001,Buy
1594173173.1193,9270.5,0.001,Buy
1594173173.1193,9270.5,0.009,Buy
1594173201.6519,9270.5,0.003,Sell
1594173211.0759,9271.0,0.066,Buy
1594173211.0759,9271.0,0.001,Buy
1594173211.0759,9271.0,0.003,Buy
1594173211.0759,9271.0,0.001,Buy
1594173211.7652,9270.5,0.3,Sell
1594173220.9899,9270.5,0.3,Sell
1594173221.1154,9271.0,0.001,Buy
1594173221.1154,9271.0,0.016,Buy
1594173221.1154,9271.0,0.001,Buy
1594173221.1154,9271.0,0.002,Buy
1594173221.1154,9271.0,0.005,Buy
1594173221.1154,9271.0,0.134,Buy
1594173221.1154,9271.0,0.005,Buy
1594173221.833,9271.5,0.001,Buy
1594173221.833,9271.5,0.101,Buy
1594173222.5343,9271.0,0.263,Sell
1594173233.5392,9271.0,0.006,Sell
1594173234.0804,9271.0,0.016,Sell
1594173235.5438,9271.0,0.965,Sell
1594173241.9945,9271.0,0.001,Sell
1594173242.1482,9271.5,0.001,Buy
1594173246.5487,9271.0,0.185,Sell
1594173248.0325,9271.5,0.001,Buy
1594173248.5537,9271.0,0.002,Sell
1594173250.1807,9271.0,0.001,Sell
1594173253.0888,9271.0,0.01,Sell
1594173259.5586,9271.0,0.006,Sell
1594173260.5634,9271.0,0.374,Sell
1594173269.98,9271.5,0.015,Buy
1594173270.5683,9271.0,0.005,Sell
1594173271.5731,9271.0,0.006,Sell
1594173272.0972,9271.0,0.148,Sell
1594173276.7616,9271.5,0.005,Buy
1594173276.7616,9271.5,0.001,Buy
1594173276.7616,9271.5,0.001,Buy
1594173276.7616,9271.5,1.654,Buy
1594173289.6253,9271.5,0.138,Sell
1594173300.5292,9271.5,0.068,Sell
1594173301.5303,9272.0,0.001,Buy
1594173307.7866,9271.5,0.069,Sell
1594173309.5618,9271.5,0.001,Sell
1594173312.8686,9272.0,0.002,Buy
1594173312.8686,9272.0,0.073,Buy
1594173312.8686,9272.0,0.04,Buy
1594173347.2667,9272.0,1.073,Buy
1594173347.2667,9272.0,0.927,Buy
1594173359.4917,9272.0,0.002,Buy
1594173362.1907,9271.5,0.001,Sell
1594173371.2238,9272.0,0.001,Buy
1594173379.8376,9272.0,0.17,Buy
1594173414.135,9272.0,0.107,Buy
1594173420.9054,9272.0,0.02,Buy
1594173421.4941,9271.5,0.001,Sell
1594173421.7723,9271.5,0.032,Sell
1594173422.529,9272.0,0.001,Buy
1594173427.0347,9272.0,0.014,Buy
1594173429.5269,9272.0,0.001,Buy
1594173432.5643,9271.5,0.001,Sell
1594173478.4859,9272.0,0.705,Buy
1594173481.4295,9271.5,0.001,Sell
1594173488.5078,9271.5,0.027,Sell
1594173488.5078,9271.5,0.03,Sell
1594173488.5078,9271.5,0.02,Sell
1594173488.5078,9271.5,0.023,Sell
1594173493.4656,9272.0,0.001,Buy
1594173569.7692,9271.5,0.977,Sell
1594173569.7692,9271.5,0.023,Sell
1594173601.5738,9272.0,0.001,Buy
1594173607.8797,9272.0,0.318,Buy
1594173607.8797,9272.0,0.002,Buy
1594173607.8797,9272.0,0.01,Buy
1594173607.8797,9272.0,0.3,Buy
1594173607.8797,9272.0,0.01,Buy
1594173607.8797,9272.0,0.01,Buy
1594173607.9409,9272.5,0.001,Buy
1594173607.9409,9272.5,0.001,Buy
1594173607.9409,9272.5,0.001,Buy
1594173607.9798,9273.0,0.002,Buy
1594173607.9798,9273.0,0.01,Buy
1594173607.9798,9273.0,0.001,Buy
1594173607.9798,9273.0,0.092,Buy
1594173607.9798,9273.0,0.002,Buy
1594173607.9798,9273.0,0.001,Buy
1594173607.9798,9273.0,0.086,Buy
1594173607.9798,9273.0,0.002,Buy
1594173608.0072,9273.5,0.006,Buy
1594173608.0422,9274.0,0.2,Buy
1594173608.0422,9274.0,0.001,Buy
1594173608.0422,9274.0,0.002,Buy
1594173608.0422,9274.0,0.02,Buy
1594173608.0422,9274.0,0.001,Buy
1594173608.0422,9274.0,0.011,Buy
1594173608.0422,9274.0,0.005,Buy
1594173608.0422,9274.0,0.002,Buy
1594173608.0422,9274.0,0.04,Buy
1594173608.0668,9274.5,0.001,Buy
1594173608.0742,9275.0,0.049,Buy
1594173608.0742,9275.0,0.034,Buy
1594173608.0742,9275.0,0.001,Buy
1594173608.1365,9275.0,0.1,Buy
1594173608.1728,9275.0,1.894,Buy
1594173608.1728,9275.0,0.003,Buy
1594173608.1728,9275.0,0.001,Buy
1594173608.1728,9275.0,0.002,Buy
1594173608.2192,9275.5,0.242,Buy
1594173608.2192,9275.5,0.002,Buy
1594173608.2247,9276.0,0.001,Buy
1594173608.2247,9276.0,0.1,Buy
1594173608.2247,9276.0,0.001,Buy
1594173608.2247,9276.0,0.04,Buy
1594173608.2247,9276.0,0.009,Buy
1594173608.2247,9276.0,0.005,Buy
1594173608.2247,9276.0,0.002,Buy
1594173608.2247,9277.0,0.001,Buy
1594173608.2247,9277.0,0.001,Buy
1594173608.2247,9277.0,0.001,Buy
1594173608.2247,9277.0,0.014,Buy
1594173608.2247,9277.0,0.022,Buy
1594173608.2247,9280.0,0.006,Buy
1594173608.2247,9280.0,0.001,Buy
1594173608.2247,9277.0,0.001,Buy
1594173608.2247,9279.0,0.001,Buy
1594173608.2247,9279.0,0.1,Buy
1594173608.2247,9279.0,0.05,Buy
1594173608.2247,9279.0,0.001,Buy
1594173608.2247,9279.0,0.001,Buy
1594173608.2247,9279.0,0.001,Buy
1594173608.2247,9278.0,0.29,Buy
1594173608.2247,9278.0,0.005,Buy
1594173608.2247,9278.0,0.3,Buy
1594173608.2247,9278.0,0.04,Buy
1594173608.2247,9278.0,0.011,Buy
1594173608.2247,9278.0,0.001,Buy
1594173608.2247,9277.5,0.092,Buy
1594173608.2247,9277.0,0.032,Buy
1594173608.2247,9277.0,0.001,Buy
1594173608.2247,9277.0,0.2,Buy
1594173608.2247,9280.0,0.123,Buy
1594173608.2247,9280.0,1.0,Buy
1594173608.2247,9279.5,0.01,Buy
1594173608.2247,9280.0,0.04,Buy
1594173608.2247,9281.5,0.71,Buy
1594173608.2247,9281.0,0.2,Buy
1594173608.2247,9281.0,0.011,Buy
1594173608.2247,9280.0,0.057,Buy
1594173608.2247,9281.0,0.006,Buy
1594173608.2247,9281.0,0.002,Buy
1594173608.2247,9281.0,0.001,Buy
1594173608.2247,9277.0,0.021,Buy
1594173608.2247,9280.5,0.002,Buy
1594173608.2247,9280.0,0.105,Buy
1594173608.2247,9280.0,0.05,Buy
1594173608.2247,9280.0,0.001,Buy
1594173608.2247,9280.0,0.005,Buy
1594173608.2247,9280.5,0.002,Buy
1594173608.2301,9281.5,0.313,Buy
1594173608.2305,9281.5,0.1,Buy
1594173608.2305,9281.5,1.028,Buy
1594173608.2311,9281.5,2.0,Buy
1594173608.2311,9281.5,0.191,Buy
1594173608.2311,9281.5,0.109,Buy
1594173608.2311,9281.5,0.25,Buy
1594173608.2315,9281.5,1.192,Buy
1594173608.2315,9281.5,1.0,Buy
1594173608.2319,9281.5,0.001,Buy
1594173608.2323,9281.5,0.2,Buy
1594173608.2329,9281.5,0.121,Buy
1594173608.4617,9281.5,0.016,Buy
1594173608.4749,9281.5,4.0,Buy
1594173608.4749,9281.5,1.041,Buy
1594173608.4749,9281.5,1.676,Buy
1594173608.5364,9281.5,0.1,Buy
1594173608.6081,9281.0,0.001,Sell
1594173610.5786,9281.5,0.003,Buy
1594173610.5786,9281.5,0.001,Buy
1594173632.663,9281.5,0.001,Buy
1594173632.663,9281.5,0.009,Buy
1594173632.663,9281.5,0.001,Buy
1594173632.663,9281.5,0.005,Buy
1594173632.663,9281.5,0.001,Buy
1594173632.663,9281.5,0.012,Buy
1594173632.663,9281.5,0.001,Buy
1594173632.663,9281.5,0.001,Buy
1594173632.6953,9283.0,0.002,Buy
1594173632.6953,9283.0,0.001,Buy
1594173632.6953,9283.0,0.001,Buy
1594173632.6953,9282.0,0.002,Buy
1594173632.6953,9283.0,0.079,Buy
1594173632.6953,9282.0,0.001,Buy
1594173632.6953,9282.0,0.002,Buy
1594173632.6953,9282.0,0.001,Buy
1594173632.6953,9282.0,0.04,Buy
1594173632.6953,9283.0,0.048,Buy
1594173632.6953,9282.0,0.001,Buy
1594173632.6953,9282.0,0.001,Buy
1594173632.7008,9281.5,0.705,Sell
1594173632.701,9283.0,0.168,Buy
1594173632.7022,9283.0,0.105,Buy
1594173632.7022,9283.0,0.224,Buy
1594173632.7244,9283.0,0.002,Buy
1594173632.7244,9283.0,0.1,Buy
1594173632.7244,9283.0,1.276,Buy
1594173632.7677,9283.5,0.005,Buy
1594173632.7806,9284.0,0.001,Buy
1594173632.7806,9284.0,0.04,Buy
1594173632.7806,9284.0,0.2,Buy
1594173632.7806,9284.0,0.001,Buy
1594173632.7806,9284.0,0.005,Buy
1594173632.7806,9284.0,0.001,Buy
1594173632.7806,9284.0,0.001,Buy
1594173632.7806,9284.0,0.001,Buy
1594173632.8017,9284.0,0.002,Buy
1594173632.8217,9284.5,0.01,Buy
1594173632.854,9285.0,0.001,Buy
1594173632.854,9285.0,0.002,Buy
1594173632.854,9285.0,0.003,Buy
1594173632.854,9285.0,0.092,Buy
1594173632.8627,9285.0,0.017,Buy
1594173632.8627,9285.0,0.002,Buy
1594173632.8627,9285.5,0.005,Buy
1594173632.8627,9285.0,0.001,Buy
1594173632.8659,9286.0,0.001,Buy
1594173632.8659,9286.0,0.242,Buy
1594173632.8659,9286.0,0.003,Buy
1594173632.8659,9286.0,0.001,Buy
1594173632.8659,9286.0,0.811,Buy
1594173632.8659,9286.0,0.907,Buy
1594173632.8659,9286.0,0.04,Buy
1594173632.8659,9286.0,0.002,Buy
1594173632.8659,9286.5,0.032,Buy
1594173632.8659,9286.5,0.96,Buy
1594173632.8659,9286.0,0.001,Buy
1594173632.8677,9286.5,0.131,Buy
1594173632.8727,9285.5,2.071,Sell
1594173632.9965,9286.5,0.541,Buy
1594173633.1329,9287.0,0.003,Buy
1594173633.1329,9287.0,0.001,Buy
1594173633.1329,9287.0,0.2,Buy
1594173633.5223,9288.0,0.001,Buy
1594173633.5223,9288.0,0.011,Buy
1594173633.5223,9288.0,0.034,Buy
1594173633.5223,9288.0,0.001,Buy
1594173633.5223,9288.0,0.04,Buy
1594173633.5223,9288.0,0.208,Buy
1594173633.5223,9287.5,0.005,Buy
1594173633.5225,9290.0,1.309,Buy
1594173633.5225,9289.5,0.005,Buy
1594173633.5225,9289.5,0.008,Buy
1594173633.5225,9289.5,0.001,Buy
1594173633.5225,9289.0,0.001,Buy
1594173633.5225,9289.0,0.15,Buy
1594173633.5225,9289.0,0.001,Buy
1594173633.5225,9289.0,0.022,Buy
1594173633.5225,9289.0,0.002,Buy
1594173633.5225,9288.5,0.014,Buy
1594173633.5225,9288.0,0.481,Buy
1594173633.5225,9289.0,0.006,Buy
1594173633.5231,9290.0,0.034,Buy
1594173633.5271,9290.0,1.0,Buy
1594173633.5272,9290.0,0.04,Buy
1594173633.5272,9290.0,0.1,Buy
1594173633.5272,9290.0,0.05,Buy
1594173633.5272,9290.0,0.08,Buy
1594173633.528,9290.0,0.212,Buy
1594173633.53,9287.5,0.01,Sell
1594173633.53,9287.0,0.349,Sell
1594173633.5338,9290.0,0.1,Buy
1594173633.5368,9290.0,0.853,Buy
1594173633.5369,9290.0,0.26,Buy
1594173633.5449,9290.0,0.05,Buy
1594173633.5451,9290.0,1.0,Buy
1594173635.5166,9290.0,1.0,Buy
1594173635.5216,9290.0,4.0,Buy
1594173635.5399,9290.0,3.0,Buy
1594173635.6048,9290.0,1.7,Buy
1594173635.6653,9290.0,3.0,Buy
1594173635.8076,9290.0,4.0,Buy
1594173635.9175,9290.0,2.271,Buy
1594173638.7768,9290.0,2.271,Buy
1594173638.828,9290.0,0.603,Buy
1594173638.8324,9290.0,0.181,Buy
1594173638.8347,9290.0,0.689,Buy
1594173639.7857,9290.0,0.002,Buy
1594173639.7857,9290.0,0.001,Buy
1594173639.7857,9290.0,0.002,Buy
1594173639.7857,9290.0,0.05,Buy
1594173639.7857,9290.0,0.001,Buy
1594173639.7857,9290.0,0.008,Buy
1594173639.7857,9290.0,0.001,Buy
1594173639.7857,9290.0,0.01,Buy
1594173639.7857,9290.0,0.028,Buy
1594173639.7857,9290.0,0.037,Buy
1594173639.7857,9290.0,0.2,Buy
1594173639.7857,9290.0,1.734,Buy
1594173639.7857,9290.0,0.197,Buy
1594173641.0083,9290.0,0.932,Buy
1594173641.0083,9290.0,0.2,Buy
1594173641.0083,9290.5,0.001,Buy
1594173641.0083,9290.0,0.04,Buy
1594173641.0083,9290.0,0.1,Buy
1594173641.0083,9290.0,0.032,Buy
1594173641.0083,9290.0,0.01,Buy
1594173641.0083,9290.0,0.032,Buy
1594173641.0083,9290.0,0.001,Buy
1594173641.0083,9290.0,0.001,Buy
1594173641.0083,9290.0,0.009,Buy
1594173641.0083,9290.0,0.001,Buy
1594173641.0083,9290.0,0.001,Buy
1594173641.0083,9290.0,0.001,Buy
1594173641.0083,9290.0,0.02,Buy
1594173641.0083,9290.0,0.001,Buy
1594173641.0083,9290.0,0.08,Buy
1594173641.0083,9290.0,0.02,Buy
1594173641.0083,9290.5,0.008,Buy
1594173641.0083,9290.0,0.02,Buy
1594173641.0083,9292.0,0.005,Buy
1594173641.0083,9293.0,0.314,Buy
1594173641.0083,9293.0,0.05,Buy
1594173641.0083,9293.0,0.001,Buy
1594173641.0083,9293.0,0.001,Buy
1594173641.0083,9292.5,0.01,Buy
1594173641.0083,9291.0,0.001,Buy
1594173641.0083,9292.0,0.04,Buy
1594173641.0083,9292.0,0.003,Buy
1594173641.0083,9292.0,0.001,Buy
1594173641.0083,9292.0,0.001,Buy
1594173641.0083,9292.0,0.002,Buy
1594173641.0083,9290.5,0.001,Buy
1594173641.0083,9291.0,0.002,Buy
1594173641.0083,9291.0,0.002,Buy
1594173641.0083,9291.0,0.001,Buy
1594173641.0083,9291.0,0.006,Buy
1594173641.0083,9291.0,0.001,Buy
1594173641.0083,9291.5,0.048,Buy
1594173641.0147,9293.0,0.1,Buy
1594173641.015,9293.0,0.071,Buy
1594173641.0155,9293.5,0.01,Buy
1594173641.0155,9293.0,0.015,Buy
1594173641.0155,9294.0,0.001,Buy
1594173641.0155,9294.0,0.001,Buy
1594173641.0155,9294.0,0.022,Buy
1594173641.0155,9293.5,0.006,Buy
1594173641.0215,9294.0,0.001,Buy
1594173641.0215,9294.0,0.005,Buy
1594173641.0215,9294.5,0.001,Buy
1594173641.0215,9295.0,0.001,Buy
1594173641.0215,9295.0,0.001,Buy
1594173641.0215,9296.0,0.001,Buy
1594173641.0215,9296.0,0.001,Buy
1594173641.0215,9294.0,0.018,Buy
1594173641.0215,9296.0,0.1,Buy
1594173641.0215,9296.0,0.271,Buy
1594173641.0215,9296.0,0.1,Buy
1594173641.0217,9296.0,0.005,Buy
1594173641.0281,9296.0,0.017,Buy
1594173641.0281,9292.5,0.01,Sell
1594173641.0281,9292.5,0.084,Sell
1594173641.0281,9296.0,0.013,Buy
1594173641.0281,9296.0,0.233,Buy
1594173644.9196,9296.0,0.005,Buy
1594173644.9196,9296.0,0.04,Buy
1594173644.9196,9296.0,0.064,Buy
1594173644.9196,9296.0,0.011,Buy
1594173644.9196,9296.0,0.061,Buy
1594173646.3229,9296.0,0.047,Buy
1594173646.3723,9295.5,0.975,Sell
1594173647.1586,9296.0,0.181,Buy
1594173648.1757,9295.5,0.202,Sell
1594173648.2407,9295.5,0.005,Sell
1594173650.929,9296.0,0.181,Buy
1594173654.5475,9296.0,0.002,Buy
1594173657.0099,9296.0,0.001,Buy
1594173657.0099,9296.0,0.001,Buy
1594173657.0099,9296.0,0.015,Buy
1594173657.0099,9296.0,0.001,Buy
1594173657.0099,9296.0,0.129,Buy
1594173657.0099,9296.0,0.02,Buy
1594173657.0099,9296.0,0.008,Buy
1594173657.0099,9296.0,0.001,Buy
1594173657.0099,9296.0,0.005,Buy
1594173659.9382,9295.5,0.005,Sell
1594173661.4781,9295.5,0.001,Sell
1594173661.5912,9296.0,0.001,Buy
1594173661.5912,9296.5,0.002,Buy
1594173661.5912,9297.0,0.002,Buy
1594173661.5912,9297.0,0.006,Buy
1594173661.5912,9297.0,0.001,Buy
1594173661.5912,9296.0,0.001,Buy
1594173661.5912,9297.0,0.001,Buy
1594173661.5912,9296.5,0.001,Buy
1594173661.5912,9297.0,0.242,Buy
1594173661.5912,9296.0,0.001,Buy
1594173661.5912,9297.0,0.042,Buy
1594173662.4895,9296.5,0.001,Sell
1594173664.9143,9296.5,0.009,Sell
1594173664.9143,9296.5,0.491,Sell
1594173667.6408,9296.5,1.241,Sell
1594173668.8983,9296.5,0.023,Sell
1594173669.9029,9296.5,0.005,Sell
1594173670.5119,9297.0,0.001,Buy
1594173670.5263,9297.0,0.001,Buy
1594173670.8865,9297.0,0.012,Buy
1594173679.9079,9296.5,0.021,Sell
1594173680.9126,9296.5,0.016,Sell
1594173682.2674,9296.5,0.011,Sell
1594173682.3703,9296.5,0.101,Sell
1594173684.603,9296.5,0.034,Sell
1594173690.0725,9296.5,0.005,Sell
1594173698.3705,9296.5,0.005,Sell
1594173701.6416,9296.5,0.001,Sell
1594173701.6416,9296.5,0.004,Sell
1594173701.6416,9296.5,0.2,Sell
1594173701.6416,9296.5,0.215,Sell
1594173701.9088,9296.0,0.001,Sell
1594173701.9088,9296.0,0.002,Sell
1594173701.9088,9296.0,0.3,Sell
1594173702.2309,9295.5,0.081,Sell
1594173702.2309,9295.5,0.004,Sell
1594173702.9706,9295.0,0.004,Sell
1594173702.9706,9295.0,0.001,Sell
1594173702.9706,9295.0,0.002,Sell
1594173702.9706,9295.0,0.01,Sell
1594173702.9706,9295.0,0.001,Sell
1594173704.9268,9294.0,0.001,Sell
1594173704.9268,9294.0,0.197,Sell
1594173704.9268,9294.0,0.002,Sell
1594173705.7899,9293.0,0.098,Sell
1594173705.7899,9293.0,0.001,Sell
1594173705.7899,9293.0,0.001,Sell
1594173705.7899,9293.0,0.002,Sell
1594173705.7899,9293.0,0.001,Sell
1594173715.6587,9292.5,0.004,Sell
1594173715.6587,9292.5,0.001,Sell
1594173715.6587,9292.5,0.001,Sell
1594173715.6587,9292.5,0.015,Sell
1594173715.6587,9292.5,0.005,Sell
1594173715.6587,9292.5,0.005,Sell
1594173722.071,9292.0,0.001,Sell
1594173727.9508,9292.0,0.082,Sell
1594173734.1015,9292.5,0.001,Buy
1594173739.9435,9292.0,0.1,Sell
1594173739.9604,9292.0,0.679,Sell
1594173743.0245,9292.0,4.0,Sell
1594173743.4538,9292.0,0.001,Sell
1594173743.4538,9292.0,0.002,Sell
1594173743.4538,9292.0,0.009,Sell
1594173750.7384,9290.5,0.032,Sell
1594173750.7384,9290.5,0.164,Sell
1594173750.7384,9291.0,0.001,Sell
1594173750.7384,9291.0,0.001,Sell
1594173750.7384,9291.0,0.002,Sell
1594173755.0908,9290.5,0.2,Buy
1594173761.5061,9290.0,0.001,Sell
1594173761.5061,9290.0,0.01,Sell
1594173761.5061,9290.0,0.15,Sell
1594173761.5061,9290.0,0.039,Sell
1594173779.9519,9289.5,0.002,Buy
1594173780.65,9289.0,0.001,Sell
1594173780.65,9289.0,0.002,Sell
1594173780.65,9289.0,0.006,Sell
1594173780.65,9289.0,0.002,Sell
1594173780.65,9289.0,0.019,Sell
1594173782.1274,9289.5,0.001,Buy
1594173782.2273,9289.0,0.1,Sell
1594173789.1435,9288.5,0.104,Buy
1594173790.1474,9288.0,0.002,Sell
1594173790.1474,9288.0,0.001,Sell
1594173790.1474,9288.0,0.005,Sell
1594173790.1474,9288.0,0.001,Sell
1594173792.1635,9287.0,0.001,Sell
1594173800.0083,9286.5,0.015,Sell
1594173802.3196,9286.5,0.863,Sell
1594173807.0499,9286.5,0.072,Sell
1594173807.0499,9286.5,0.617,Sell
1594173810.1987,9286.5,0.001,Sell
1594173811.0133,9286.5,0.052,Sell
1594173811.0133,9286.5,0.274,Sell
1594173812.0183,9286.5,0.201,Sell
1594173817.4761,9286.5,0.121,Sell
1594173821.3282,9286.5,0.118,Sell
1594173821.4677,9286.5,0.179,Sell
1594173822.0233,9286.5,0.745,Sell
1594173823.028,9286.5,0.698,Sell
1594173842.4295,9286.5,0.001,Sell
1594173842.4295,9286.5,0.05,Sell
1594173842.4295,9286.5,0.049,Sell
1594173842.5863,9286.5,0.001,Sell
1594173843.0334,9286.5,0.001,Sell
1594173848.0661,9287.0,0.001,Buy
1594173848.62,9287.0,0.001,Buy
1594173851.0473,9287.0,0.356,Buy
1594173851.0473,9287.0,0.144,Buy
1594173852.89,9286.5,0.06,Sell
1594173852.89,9286.5,0.04,Sell
1594173873.2826,9287.0,1.737,Buy
1594173884.3244,9287.0,0.002,Buy
1594173915.8038,9286.5,0.15,Sell
1594173915.8038,9286.5,0.05,Sell
1594173917.5044,9287.0,0.12,Buy
1594173961.0818,9286.5,0.05,Sell
1594173961.0818,9286.5,0.1,Sell
1594173961.0818,9286.5,0.05,Sell
1594173961.0818,9286.5,0.1,Sell
1594173961.5191,9287.0,0.001,Buy
1594173968.14,9286.5,0.017,Sell
1594173969.1447,9286.5,0.003,Sell
1594173969.5579,9286.5,0.001,Sell
1594173979.1496,9286.5,0.799,Sell
1594173981.1542,9286.5,0.012,Sell
1594173981.3966,9286.5,0.008,Sell
1594173992.1593,9286.5,0.843,Sell
1594173993.1641,9286.5,0.015,Sell
1594174000.4052,9286.5,0.271,Sell
1594174003.1689,9286.5,0.025,Sell
1594174004.0784,9286.5,0.2,Sell
1594174004.1735,9286.5,0.602,Sell
1594174014.1784,9286.5,0.696,Sell
1594174016.1835,9286.5,0.01,Sell
1594174019.4138,9286.5,0.002,Sell
1594174021.2903,9287.0,0.001,Buy
1594174022.9847,9287.0,0.001,Buy
1594174027.1884,9286.5,0.953,Sell
1594174028.1931,9286.5,0.004,Sell
1594174029.3236,9286.5,0.001,Sell
1594174031.0159,9286.5,0.001,Sell
1594174035.6632,9286.5,0.1,Sell
1594174036.9781,9287.0,0.002,Buy
1594174050.9463,9287.0,0.181,Buy
1594174072.3039,9287.0,0.3,Buy
1594174141.3723,9286.5,0.001,Sell
1594174144.7363,9287.0,0.1,Buy
1594174144.8364,9287.0,0.1,Buy
1594174144.9363,9287.0,0.1,Buy
1594174145.0362,9287.0,0.1,Buy
1594174145.1369,9287.0,0.1,Buy
1594174145.2364,9287.0,0.1,Buy
1594174145.3363,9287.0,0.1,Buy
1594174145.4364,9287.0,0.1,Buy
1594174145.5365,9287.0,0.1,Buy
1594174145.6363,9287.0,0.1,Buy
1594174145.7363,9287.0,0.053,Buy
1594174145.7363,9287.0,0.047,Buy
1594174145.8363,9287.0,0.1,Buy
1594174145.9363,9287.0,0.1,Buy
1594174149.2848,9287.0,0.11,Buy
1594174149.2848,9287.0,2.0,Buy
1594174149.2848,9287.0,0.1,Buy
1594174149.2848,9287.0,0.12,Buy
1594174149.2848,9287.0,0.15,Buy
1594174149.2848,9287.0,0.1,Buy
1594174149.2848,9287.0,0.081,Buy
1594174149.2848,9287.0,0.001,Buy
1594174149.2848,9287.0,0.003,Buy
1594174149.2848,9287.0,0.12,Buy
1594174149.2848,9287.0,0.215,Buy
1594174149.3713,9287.0,0.001,Buy
1594174149.3713,9287.0,0.001,Buy
1594174149.3713,9287.0,0.001,Buy
1594174149.3713,9287.0,0.001,Buy
1594174149.3713,9287.0,0.015,Buy
1594174149.3713,9287.0,0.001,Buy
1594174149.3713,9287.0,0.051,Buy
1594174149.3713,9287.0,0.001,Buy
1594174149.3713,9287.0,0.009,Buy
1594174149.3713,9287.0,0.001,Buy
1594174149.3713,9287.0,0.2,Buy
1594174149.4071,9287.5,0.001,Buy
1594174157.1541,9287.5,0.001,Buy
1594174157.1541,9287.5,0.005,Buy
1594174157.1541,9287.5,0.001,Buy
1594174157.1541,9287.5,0.004,Buy
1594174157.1541,9289.0,0.045,Buy
1594174157.1541,9288.0,0.002,Buy
1594174157.1541,9288.0,0.3,Buy
1594174157.1541,9289.0,0.001,Buy
1594174157.1541,9288.0,0.001,Buy
1594174157.1886,9289.0,0.055,Buy
1594174157.1886,9290.0,0.001,Buy
1594174157.1886,9290.0,0.002,Buy
1594174157.1886,9290.5,0.333,Buy
1594174157.1886,9289.0,0.002,Buy
1594174163.203,9291.0,0.001,Buy
1594174163.203,9291.0,0.001,Buy
1594174163.203,9291.0,0.018,Buy
1594174179.0628,9291.0,0.001,Buy
1594174179.0628,9291.0,0.001,Buy
1594174179.0628,9292.0,0.005,Buy
1594174179.0628,9295.0,0.1,Buy
1594174179.0628,9292.0,0.032,Buy
1594174179.0628,9292.0,0.002,Buy
1594174179.0628,9293.0,0.001,Buy
1594174179.0628,9293.0,0.002,Buy
1594174179.0628,9294.0,0.001,Buy
1594174179.0628,9294.0,0.001,Buy
1594174179.0628,9291.0,0.004,Buy
1594174179.0628,9294.0,0.002,Buy
1594174179.0628,9295.0,0.001,Buy
1594174179.0628,9295.0,0.1,Buy
1594174179.0628,9291.5,0.001,Buy
1594174179.0628,9295.0,0.045,Buy
1594174179.0628,9292.0,0.001,Buy
1594174182.3147,9294.0,0.006,Sell
1594174183.3195,9294.0,0.081,Sell
1594174184.5078,9294.5,0.3,Buy
1594174184.5078,9294.5,1.754,Buy
1594174185.4818,9294.0,0.964,Sell
1594174193.3245,9294.0,0.021,Sell
1594174195.3292,9294.0,0.775,Sell
1594174200.5368,9294.5,1.0,Buy
1594174201.4724,9294.0,0.001,Sell
1594174201.5725,9294.5,0.001,Buy
1594174204.4901,9294.0,0.018,Sell
1594174206.3347,9294.0,0.561,Sell
1594174208.3395,9294.0,0.009,Sell
1594174208.6301,9294.0,0.001,Sell
1594174211.1318,9294.5,0.01,Buy
1594174213.503,9294.5,0.001,Buy
1594174216.7078,9294.5,0.2,Buy
1594174219.3446,9294.0,0.006,Sell
1594174221.3495,9294.0,0.594,Sell
1594174223.4985,9294.0,0.33,Sell
1594174234.6944,9294.0,0.001,Sell
1594174234.6944,9294.0,0.299,Sell
1594174235.5837,9294.5,0.5,Buy
1594174238.3706,9294.0,0.01,Sell
1594174253.8264,9294.5,0.006,Buy
1594174253.8264,9294.5,0.003,Buy
1594174253.8264,9294.5,0.001,Buy
1594174253.9498,9294.5,0.004,Buy
1594174253.9498,9294.5,0.014,Buy
1594174256.1382,9294.5,0.001,Buy
1594174256.1382,9294.5,0.001,Buy
1594174256.1382,9294.5,0.001,Buy
1594174256.1382,9294.5,0.009,Buy
1594174256.1382,9294.5,0.152,Buy
1594174256.1382,9294.5,0.286,Buy
1594174260.7278,9294.0,0.01,Sell
1594174266.1125,9294.0,0.391,Sell
1594174266.5797,9294.5,0.01,Sell
1594174267.3845,9294.5,0.939,Sell
1594174269.3891,9294.5,0.021,Sell
1594174270.9055,9295.0,0.02,Buy
1594174274.651,9295.0,0.001,Buy
1594174274.651,9295.0,0.24,Buy
1594174274.651,9295.0,0.005,Buy
1594174274.651,9295.0,0.001,Buy
1594174274.651,9295.0,0.015,Buy
1594174274.651,9295.0,0.001,Buy
1594174274.651,9295.0,0.002,Buy
1594174274.651,9295.0,0.035,Buy
1594174275.55,9295.0,0.01,Sell
1594174278.1627,9295.5,0.01,Sell
1594174280.4551,9295.5,0.01,Sell
1594174285.2127,9295.5,0.01,Sell
1594174286.5238,9295.5,0.44,Sell
1594174287.7061,9295.5,0.01,Sell
1594174289.3703,9295.5,0.01,Sell
1594174291.4036,9295.5,0.95,Sell
1594174291.4308,9295.5,0.01,Sell
1594174292.4084,9295.5,0.023,Sell
1594174302.4133,9295.5,0.182,Sell
1594174303.418,9295.5,0.001,Sell
1594174305.5321,9295.5,0.395,Sell
1594174309.5989,9295.5,0.01,Sell
1594174310.3723,9295.5,0.29,Sell
1594174311.6402,9295.0,0.002,Sell
1594174311.6402,9295.5,0.004,Sell
1594174311.6402,9295.5,0.004,Sell
1594174313.5025,9295.0,0.002,Sell
1594174313.5025,9295.0,0.004,Sell
1594174313.5025,9295.0,0.004,Sell
1594174314.8864,9295.0,0.01,Sell
1594174316.2418,9295.0,0.01,Sell
1594174318.0992,9295.0,0.01,Sell
1594174320.4312,9295.0,0.01,Sell
1594174321.2717,9295.0,0.001,Sell
1594174321.4531,9295.0,0.01,Sell
1594174321.7768,9295.0,0.3,Sell
1594174321.8428,9294.5,0.001,Sell
1594174322.326,9295.0,0.001,Buy
1594174322.9323,9294.5,0.01,Sell
1594174324.0616,9294.5,0.01,Sell
1594174326.3037,9295.0,0.001,Buy
1594174328.5586,9294.5,0.01,Sell
1594174329.8108,9294.5,0.01,Sell
1594174330.876,9295.0,0.001,Buy
1594174332.3581,9294.5,0.001,Sell
1594174337.4523,9294.5,0.01,Sell
1594174340.0837,9294.5,0.01,Sell
1594174341.3327,9294.5,0.01,Sell
1594174342.5946,9294.5,0.02,Sell
1594174348.4507,9295.0,0.5,Buy
1594174350.9255,9295.0,0.01,Buy
1594174355.8101,9295.0,20.0,Buy
1594174355.8101,9295.5,2.5,Buy
1594174355.8101,9295.5,2.71,Buy
1594174355.8101,9295.5,1.0,Buy
1594174355.8101,9295.5,0.001,Buy
1594174355.8101,9295.5,0.009,Buy
1594174355.8101,9295.5,5.59,Buy
1594174355.8101,9295.5,3.0,Buy
1594174355.8101,9295.0,1.0,Buy
1594174355.8101,9295.0,2.271,Buy
1594174355.8101,9295.0,0.004,Buy
1594174355.8101,9295.0,0.05,Buy
1594174355.8101,9295.0,2.487,Buy
1594174355.8101,9295.0,2.543,Buy
1594174355.8101,9295.0,0.01,Buy
1594174355.8101,9295.0,1.162,Buy
1594174355.8101,9295.0,0.15,Buy
1594174355.8101,9295.0,4.15,Buy
1594174355.8101,9295.0,0.3,Buy
1594174355.8101,9295.0,2.271,Buy
1594174355.8101,9295.0,0.004,Buy
1594174355.8101,9295.0,5.59,Buy
1594174355.8101,9296.0,6.35,Buy
1594174355.8101,9296.0,2.71,Buy
1594174355.8101,9296.0,2.59,Buy
1594174355.8101,9296.5,2.5,Buy
1594174355.8101,9296.5,6.35,Buy
1594174355.8101,9296.5,0.1,Buy
1594174355.8101,9297.0,0.036,Buy
1594174355.8101,9297.0,1.0,Buy
1594174355.8101,9297.0,0.001,Buy
1594174355.8101,9297.0,0.001,Buy
1594174355.8101,9296.0,0.001,Buy
1594174355.8101,9297.0,0.002,Buy
1594174355.8101,9297.0,0.006,Buy
1594174355.8101,9297.0,0.001,Buy
1594174355.8101,9297.0,4.15,Buy
1594174355.8101,9297.0,4.7,Buy
1594174355.8101,9297.0,0.1,Buy
1594174355.8101,9297.0,4.84,Buy
1594174355.8101,9297.5,0.5,Buy
1594174355.8101,9297.5,0.1,Buy
1594174355.8101,9297.5,4.555,Buy
1594174355.8101,9296.0,2.5,Buy
1594174355.8101,9296.0,0.1,Buy
1594174356.1767,9297.5,0.01,Buy
1594174356.4176,9300.0,0.1,Buy
1594174356.4176,9300.0,0.04,Buy
1594174356.4176,9299.0,5.0,Buy
1594174356.4176,9300.0,0.005,Buy
1594174356.4176,9300.0,0.2,Buy
1594174356.4176,9300.0,0.1,Buy
1594174356.4176,9300.0,0.05,Buy
1594174356.4176,9300.0,0.001,Buy
1594174356.4176,9300.0,0.006,Buy
1594174356.4176,9300.0,0.003,Buy
1594174356.4176,9300.0,0.7,Buy
1594174356.4176,9300.0,0.05,Buy
1594174356.4176,9300.0,0.76,Buy
1594174356.4176,9300.0,0.034,Buy
1594174356.4176,9300.0,1.0,Buy
1594174356.4176,9300.0,0.027,Buy
1594174356.4176,9300.0,0.001,Buy
1594174356.4176,9299.5,2.17,Buy
1594174356.4176,9299.5,5.59,Buy
1594174356.4176,9300.0,0.014,Buy
1594174356.4176,9299.5,0.121,Buy
1594174356.4176,9299.5,1.98,Buy
1594174356.4176,9299.5,0.032,Buy
1594174356.4176,9299.0,1.962,Buy
1594174356.4176,9300.0,0.1,Buy
1594174356.4176,9300.0,0.1,Buy
1594174356.4176,9300.0,0.091,Buy
1594174356.4176,9300.0,0.118,Buy
1594174356.4176,9300.0,0.2,Buy
1594174356.4176,9300.0,2.0,Buy
1594174356.4176,9300.0,0.001,Buy
1594174356.4176,9300.0,0.04,Buy
1594174356.4176,9300.0,0.1,Buy
1594174356.4176,9300.0,1.73,Buy
1594174356.4176,9300.0,4.023,Buy
1594174356.4176,9300.0,6.57,Buy
1594174356.4176,9300.0,2.5,Buy
1594174356.4176,9300.0,1.081,Buy
1594174356.4176,9300.5,0.1,Buy
1594174356.4176,9300.0,10.919,Buy
1594174356.4176,9300.5,0.32,Buy
1594174356.4176,9300.5,1.56,Buy
1594174356.4176,9300.5,8.85,Buy
1594174356.4176,9301.0,0.001,Buy
1594174356.4176,9301.0,8.94,Buy
1594174356.4176,9301.0,0.1,Buy
1594174356.4176,9301.5,1.72,Buy
1594174356.4176,9301.5,3.22,Buy
1594174356.4176,9301.5,2.744,Buy
1594174356.4176,9299.0,0.011,Buy
1594174356.4176,9300.0,0.057,Buy
1594174356.4176,9300.0,0.1,Buy
1594174356.4176,9300.5,3.32,Buy
1594174356.4176,9299.0,0.02,Buy
1594174356.4176,9301.0,1.0,Buy
1594174356.4176,9299.0,0.001,Buy
1594174356.4176,9297.5,0.001,Buy
1594174356.4176,9297.5,0.1,Buy
1594174356.4176,9297.5,0.05,Buy
1594174356.4176,9297.5,4.0,Buy
1594174356.4176,9297.5,1.0,Buy
1594174356.4176,9298.0,0.001,Buy
1594174356.4176,9297.5,0.14,Buy
1594174356.4176,9297.5,0.3,Buy
1594174356.4176,9297.5,4.0,Buy
1594174356.4176,9298.0,0.002,Buy
1594174356.4176,9297.5,1.775,Buy
1594174356.4176,9298.0,0.011,Buy
1594174356.4176,9298.0,0.011,Buy
1594174356.4176,9298.0,0.01,Buy
1594174356.4176,9298.0,0.002,Buy
1594174356.4176,9298.0,0.571,Buy
1594174356.4176,9298.0,3.0,Buy
1594174356.4176,9298.5,0.005,Buy
1594174356.4176,9298.5,1.84,Buy
1594174356.4176,9299.0,0.001,Buy
1594174356.4176,9298.5,1.59,Buy
1594174356.4176,9297.5,0.001,Buy
1594174356.4176,9297.5,0.001,Buy
1594174356.4259,9301.5,0.018,Buy
1594174356.426,9301.5,1.08,Buy
1594174356.426,9301.5,0.636,Buy
1594174356.4262,9301.5,0.218,Buy
1594174356.4266,9301.5,0.056,Buy
1594174356.427,9301.5,0.1,Buy
1594174356.427,9297.0,0.01,Sell
1594174356.427,9297.5,0.01,Sell
1594174356.427,9297.0,0.145,Sell
1594174356.427,9298.0,0.01,Sell
1594174356.427,9297.0,0.16,Sell
1594174356.4286,9298.5,0.01,Sell
1594174356.4286,9300.0,0.06,Sell
1594174356.4286,9301.5,0.695,Buy
1594174356.4286,9299.0,0.01,Sell
1594174356.4286,9297.0,0.01,Sell
1594174356.4286,9297.0,0.11,Sell
1594174356.4286,9299.5,0.01,Sell
1594174356.4293,9300.0,0.01,Sell
1594174356.4298,9301.5,0.081,Buy
1594174356.4298,9300.0,0.09,Buy
1594174356.4347,9301.5,0.03,Buy
1594174360.5485,9297.5,1.701,Buy
1594174364.7851,9297.5,0.001,Buy
1594174365.0824,9297.5,0.001,Buy
1594174366.046,9297.5,0.001,Buy
1594174369.2244,9297.5,0.2,Buy
1594174370.5572,9297.0,0.01,Sell
1594174371.4414,9297.0,0.01,Sell
1594174372.3471,9297.0,0.01,Sell
1594174373.2627,9297.0,0.01,Sell
1594174374.1577,9297.0,0.01,Sell
1594174378.3526,9297.0,0.4,Sell
1594174378.8187,9297.5,0.3,Buy
1594174381.413,9297.5,0.003,Buy
1594174382.9353,9297.0,0.01,Sell
1594174387.0606,9297.0,0.4,Sell
1594174391.4452,9297.0,0.004,Sell
1594174391.4452,9297.0,0.001,Sell
1594174391.4452,9297.0,0.001,Sell
1594174393.2193,9296.0,0.007,Sell
1594174393.2193,9296.0,0.002,Sell
1594174393.2193,9296.0,0.001,Sell
1594174395.7724,9296.0,0.01,Sell
1594174397.0411,9296.0,0.01,Sell
1594174398.0715,9296.0,0.01,Sell
1594174399.1038,9296.0,0.01,Sell
1594174400.1317,9296.0,0.01,Sell
1594174404.73,9296.5,0.196,Buy
1594174408.0363,9296.0,0.001,Sell
1594174412.8388,9295.0,0.097,Sell
1594174412.8388,9295.0,0.001,Sell
1594174412.8388,9295.0,0.002,Sell
1594174416.0942,9295.5,0.03,Buy
1594174425.8161,9295.0,0.01,Sell
1594174426.585,9295.5,0.011,Buy
1594174426.9471,9295.0,0.01,Sell
1594174428.2915,9295.0,0.01,Sell
1594174429.3585,9295.0,0.01,Sell
1594174430.4761,9295.0,0.01,Sell
1594174431.5708,9295.0,0.01,Sell
1594174432.5232,9295.0,0.01,Sell
1594174433.4667,9295.0,0.01,Sell
1594174434.3541,9295.0,0.01,Sell
1594174435.1949,9295.0,0.01,Sell
1594174436.0338,9295.0,0.01,Sell
1594174436.8465,9295.0,0.01,Sell
1594174437.4,9295.0,1.0,Sell
1594174437.8822,9295.0,0.01,Sell
1594174438.668,9295.0,0.01,Sell
1594174439.4527,9295.0,0.01,Sell
1594174440.2307,9295.0,0.01,Sell
1594174441.2667,9295.0,0.01,Sell
1594174442.0963,9295.0,0.01,Sell
1594174442.9045,9295.0,0.01,Sell
1594174442.9713,9295.5,0.001,Buy
1594174443.6999,9295.0,0.01,Sell
1594174444.0009,9295.0,0.001,Sell
1594174444.5095,9295.0,0.01,Sell
1594174445.765,9295.0,0.01,Sell
1594174446.5933,9295.5,0.788,Buy
1594174447.0323,9295.0,0.01,Sell
1594174448.0865,9295.0,0.01,Sell
1594174450.0334,9295.5,0.001,Buy
1594174451.0062,9295.0,0.001,Sell
1594174453.1046,9295.0,0.002,Sell
1594174466.6019,9295.5,0.682,Buy
1594174486.6105,9295.5,0.093,Buy
1594174491.5207,9295.5,0.01,Buy
1594174495.4088,9295.5,0.01,Buy
1594174499.3593,9295.5,0.01,Buy
1594174501.5293,9295.5,0.001,Buy
1594174504.8455,9295.0,0.01,Sell
1594174505.9414,9295.0,0.01,Sell
1594174506.6189,9295.5,0.026,Buy
1594174507.3811,9295.0,0.01,Sell
1594174508.2372,9295.0,0.01,Sell
1594174508.9652,9295.0,0.01,Sell
1594174509.6066,9295.0,0.001,Sell
1594174524.8339,9295.5,0.01,Buy
1594174525.6274,9295.5,0.012,Buy
1594174527.7759,9295.5,0.01,Buy
1594174528.7686,9295.5,0.01,Buy
1594174529.5508,9295.5,0.01,Buy
1594174530.3583,9295.5,0.01,Buy
1594174531.1621,9295.5,0.01,Buy
1594174531.9354,9295.5,0.01,Buy
1594174532.7349,9295.5,0.01,Buy
1594174533.4741,9295.5,0.01,Buy
1594174534.3615,9295.5,0.01,Buy
1594174534.9657,9295.5,0.01,Buy
1594174535.8641,9295.5,0.01,Buy
1594174545.6367,9295.5,0.451,Buy
1594174561.9676,9295.5,0.001,Buy
1594174565.6447,9295.5,0.725,Buy
1594174569.4624,9295.5,0.2,Buy
1594174570.0046,9295.0,0.001,Sell
1594174576.6652,9295.0,0.01,Sell
1594174577.6969,9295.0,0.01,Sell
1594174577.9654,9295.0,0.1,Sell
1594174578.5162,9295.0,0.01,Sell
1594174579.359,9295.0,0.01,Sell
1594174580.1809,9295.0,0.01,Sell
1594174581.0038,9295.0,0.01,Sell
1594174581.9966,9295.0,0.01,Sell
1594174585.6531,9295.5,0.53,Buy
1594174587.3872,9295.0,0.778,Sell
1594174587.3872,9295.0,0.004,Sell
1594174587.3872,9295.0,0.002,Sell
1594174587.3872,9295.0,0.001,Sell
1594174587.866,9294.5,0.001,Sell
1594174587.866,9294.5,0.001,Sell
1594174587.866,9294.0,0.001,Sell
1594174587.866,9294.0,0.002,Sell
1594174587.866,9293.5,0.005,Sell
1594174588.5607,9293.0,0.001,Sell
1594174588.5607,9293.0,0.002,Sell
1594174588.5607,9293.0,0.007,Sell
1594174589.3743,9293.0,0.01,Sell
1594174604.3377,9293.0,0.3,Sell
1594174608.2221,9293.5,0.01,Buy
1594174609.0703,9293.5,0.01,Buy
1594174610.1162,9293.5,0.01,Buy
1594174612.5742,9293.5,0.01,Buy
1594174613.2826,9293.5,0.01,Buy
1594174614.1019,9293.5,0.01,Buy
1594174614.8763,9293.5,0.01,Buy
1594174615.6188,9293.5,0.01,Buy
1594174616.447,9293.5,0.01,Buy
1594174617.4065,9293.0,0.974,Sell
1594174617.502,9293.5,0.01,Buy
1594174618.3236,9293.5,0.01,Buy
1594174621.6899,9293.5,0.01,Buy
1594174622.1411,9293.0,0.001,Sell
1594174622.6621,9293.5,0.01,Buy
1594174623.5674,9293.5,0.01,Buy
1594174624.3767,9293.5,0.01,Buy
1594174625.1597,9293.5,0.01,Buy
1594174625.8969,9293.5,0.01,Buy
1594174626.6516,9293.5,0.01,Buy
1594174627.5081,9293.5,0.01,Buy
1594174630.1738,9293.5,0.001,Buy
1594174637.2263,9293.5,0.01,Buy
1594174638.2852,9293.5,0.01,Buy
1594174640.1547,9293.5,0.01,Buy
1594174641.7996,9293.5,0.01,Buy
1594174643.0312,9293.5,0.01,Buy
1594174644.3675,9293.5,0.01,Buy
1594174647.3713,9293.5,0.01,Buy
1594174648.5786,9293.5,0.01,Buy
1594174652.7478,9293.5,0.02,Buy
1594174652.7478,9293.5,0.03,Buy
1594174665.1764,9293.0,0.029,Sell
1594174668.665,9293.0,0.002,Sell
1594174681.274,9293.0,0.001,Sell
1594174693.3083,9293.5,0.001,Buy
1594174703.3455,9293.5,0.001,Buy
1594174703.3455,9293.5,0.215,Buy
1594174703.3455,9293.5,0.1,Buy
1594174703.3455,9293.5,0.004,Buy
1594174703.3455,9293.5,0.1,Buy
1594174703.4364,9294.0,0.001,Buy
1594174703.4364,9294.0,0.099,Buy
1594174703.5363,9294.0,0.003,Buy
1594174703.5363,9294.0,0.002,Buy
1594174703.5363,9294.0,0.001,Buy
1594174703.6363,9295.0,0.001,Buy
1594174703.6363,9295.0,0.002,Buy
1594174703.6363,9295.0,0.01,Buy
1594174704.6364,9295.5,0.1,Buy
1594174704.7372,9295.5,0.1,Buy
1594174704.8363,9295.5,0.1,Buy
1594174704.9362,9295.5,0.1,Buy
1594174705.0362,9295.5,0.1,Buy
1594174705.1364,9295.5,0.001,Buy
1594174705.7022,9295.5,0.006,Sell
1594174706.7401,9295.5,0.001,Sell
1594174707.7449,9295.5,0.004,Sell
1594174710.2728,9296.0,0.001,Buy
1594174710.2728,9296.0,0.279,Buy
1594174710.2728,9296.0,0.02,Buy
1594174717.7499,9295.5,0.362,Sell
1594174718.7548,9295.5,0.012,Sell
1594174724.7108,9295.5,0.184,Sell
1594174728.7598,9295.5,0.608,Sell
1594174728.7604,9296.0,0.07,Buy
1594174729.7647,9295.5,0.822,Sell
1594174739.7696,9295.5,0.948,Sell
1594174741.7744,9295.5,0.69,Sell
1594174743.7194,9295.5,0.027,Sell
1594174749.1945,9297.5,0.02,Buy
1594174749.1945,9296.0,0.151,Buy
1594174749.1945,9296.0,0.05,Buy
1594174749.1945,9296.0,0.005,Buy
1594174749.1945,9296.0,0.002,Buy
1594174749.1945,9296.0,0.004,Buy
1594174749.1945,9296.5,0.001,Buy
1594174749.1945,9297.0,0.001,Buy
1594174749.1945,9297.0,0.1,Buy
1594174749.1945,9297.0,0.1,Buy
1594174749.1945,9297.5,0.05,Buy
1594174749.1945,9297.0,0.002,Buy
1594174749.1945,9298.0,0.001,Buy
1594174749.1945,9298.0,2.242,Buy
1594174749.1945,9298.0,0.05,Buy
1594174749.7364,9298.0,0.1,Buy
1594174749.8363,9298.0,0.1,Buy
1594174749.9362,9298.0,0.1,Buy
1594174750.0363,9298.0,0.1,Buy
1594174750.1362,9298.0,0.1,Buy
1594174750.2362,9298.0,0.1,Buy
1594174750.3362,9298.0,0.1,Buy
1594174750.4363,9298.0,0.1,Buy
1594174750.5363,9298.0,0.1,Buy
1594174750.6363,9298.0,0.1,Buy
1594174750.7363,9298.0,0.1,Buy
1594174750.8364,9298.0,0.1,Buy
1594174750.9363,9298.0,0.1,Buy
1594174751.0362,9298.0,0.1,Buy
1594174751.1363,9298.0,0.042,Buy
1594174751.1363,9298.0,0.058,Buy
1594174751.2363,9298.0,0.1,Buy
1594174751.3364,9298.0,0.1,Buy
1594174764.4024,9298.0,1.558,Buy
1594174764.4024,9298.0,1.442,Buy
1594174768.3772,9298.0,0.001,Buy
1594174768.3772,9298.0,0.006,Buy
1594174768.3772,9298.0,0.001,Buy
1594174768.3772,9298.0,0.001,Buy
1594174768.3772,9298.5,0.001,Buy
1594174768.3772,9298.5,0.001,Buy
1594174768.3772,9299.0,0.001,Buy
1594174768.3772,9299.0,0.005,Buy
1594174768.3772,9299.0,0.002,Buy
1594174768.3772,9300.0,0.001,Buy
1594174768.3772,9300.5,0.006,Buy
1594174768.3772,9301.0,0.001,Buy
1594174768.3772,9300.0,0.002,Buy
1594174768.3772,9302.0,0.001,Buy
