1594339205.6312,9233.5,0.001,Sell
1594339205.6312,9233.5,0.015,Sell
1594339205.9009,9233.5,0.013,Sell
1594339206.8551,9234.0,0.01,Buy
1594339206.8551,9234.0,0.022,Buy
1594339206.9482,9233.5,0.016,Sell
1594339208.7697,9234.0,0.033,Buy
1594339209.0654,9233.5,0.017,Sell
1594339209.3616,9233.5,0.013,Sell
1594339209.8325,9234.0,0.002,Buy
1594339211.4364,9234.0,0.02,Buy
1594339216.1859,9234.0,0.017,Buy
1594339220.2694,9234.0,0.026,Buy
1594339222.4468,9234.0,0.009,Buy
1594339224.4509,9234.0,0.003,Buy
1594339237.4636,9234.0,0.005,Buy
1594339239.2781,9234.0,0.023,Buy
1594339261.3017,9233.5,0.001,Sell
1594339262.6896,9233.5,0.001,Sell
1594339269.3366,9234.0,0.001,Buy
1594339271.7191,9234.0,0.001,Buy
1594339280.8581,9233.5,0.008,Sell
1594339280.8581,9233.5,1.992,Sell
1594339291.5179,9233.5,0.017,Sell
1594339297.3012,9233.5,0.002,Sell
1594339304.5301,9233.5,0.001,Sell
1594339316.3104,9233.5,0.018,Sell
1594339316.542,9233.5,0.01,Sell
1594339321.2632,9233.0,0.001,Sell
1594339326.5505,9233.5,0.021,Buy
1594339333.2954,9233.5,0.001,Buy
1594339333.3776,9233.0,0.002,Sell
1594339333.3776,9233.0,0.001,Sell
1594339333.3776,9233.0,0.001,Sell
1594339333.3925,9230.0,0.002,Sell
1594339333.3925,9229.0,0.002,Sell
1594339333.3925,9229.0,0.001,Sell
1594339333.3925,9229.0,0.001,Sell
1594339333.3925,9229.5,0.005,Sell
1594339333.3925,9229.5,0.1,Sell
1594339333.3925,9230.0,0.05,Sell
1594339333.3925,9231.0,0.038,Sell
1594339333.3925,9230.0,0.001,Sell
1594339333.3925,9230.0,0.001,Sell
1594339333.3925,9231.0,0.002,Sell
1594339333.3925,9232.0,0.001,Sell
1594339333.3925,9231.0,0.001,Sell
1594339333.3925,9231.5,0.005,Sell
1594339333.3925,9232.0,0.002,Sell
1594339333.3925,9230.0,0.001,Sell
1594339339.4722,9226.5,0.228,Sell
1594339339.4722,9227.0,0.002,Sell
1594339339.4722,9227.0,0.011,Sell
1594339339.4722,9227.0,0.001,Sell
1594339339.4722,9227.5,0.005,Sell
1594339339.4722,9228.0,0.001,Sell
1594339339.4722,9228.5,0.001,Sell
1594339339.4722,9228.5,0.054,Sell
1594339339.4722,9228.5,0.001,Sell
1594339339.4722,9228.5,0.001,Sell
1594339339.4722,9228.5,0.054,Sell
1594339339.4722,9228.5,0.009,Sell
1594339339.4722,9228.5,0.002,Sell
1594339339.4722,9228.5,0.108,Sell
1594339339.4722,9228.5,0.001,Sell
1594339339.4722,9228.5,0.032,Sell
1594339339.4722,9228.5,0.005,Sell
1594339339.4788,9226.5,0.07,Sell
1594339343.318,9224.5,2.41,Sell
1594339343.318,9224.5,0.1,Sell
1594339343.318,9225.0,0.034,Sell
1594339343.318,9225.0,1.03,Sell
1594339343.318,9225.0,0.002,Sell
1594339343.318,9225.0,0.001,Sell
1594339343.318,9225.5,0.005,Sell
1594339343.318,9226.0,0.001,Sell
1594339343.318,9226.0,0.001,Sell
1594339343.318,9226.0,0.024,Sell
1594339343.318,9226.0,0.001,Sell
1594339343.318,9226.0,0.015,Sell
1594339343.318,9226.0,0.001,Sell
1594339343.318,9226.0,0.001,Sell
1594339343.318,9226.0,0.015,Sell
1594339343.318,9226.0,0.006,Sell
1594339343.318,9226.0,0.002,Sell
1594339343.318,9226.0,0.001,Sell
1594339352.443,9224.0,0.001,Sell
1594339352.443,9224.0,0.001,Sell
1594339352.443,9224.0,0.003,Sell
1594339352.443,9224.0,0.866,Sell
1594339352.443,9224.0,0.002,Sell
1594339352.443,9224.0,0.092,Sell
1594339352.443,9224.0,0.001,Sell
1594339352.443,9224.0,0.001,Sell
1594339352.443,9224.0,0.001,Sell
1594339353.5786,9224.0,0.478,Sell
1594339354.4968,9224.0,0.516,Sell
1594339358.3279,9224.0,0.005,Sell
1594339372.4153,9222.5,0.121,Sell
1594339372.4153,9224.0,0.001,Sell
1594339372.4153,9224.0,0.2,Sell
1594339372.4153,9223.0,0.001,Sell
1594339372.4153,9223.0,0.001,Sell
1594339372.4153,9223.0,0.001,Sell
1594339372.4153,9223.0,0.002,Sell
1594339372.4153,9222.5,0.67,Sell
1594339372.4153,9224.0,0.003,Sell
1594339377.6918,9222.0,0.141,Sell
1594339377.6918,9222.5,0.001,Sell
1594339377.6918,9222.5,0.108,Sell
1594339379.9151,9222.0,0.155,Sell
1594339379.9151,9222.0,0.095,Sell
1594339382.0614,9222.5,0.001,Buy
1594339392.0994,9222.0,0.001,Sell
1594339410.3211,9222.0,0.033,Sell
1594339420.2642,9222.0,0.25,Sell
1594339421.5263,9222.0,0.121,Sell
1594339421.5263,9222.0,0.129,Sell
1594339441.5147,9222.0,0.001,Sell
1594339442.5863,9222.0,0.001,Sell
1594339446.5457,9224.0,0.001,Buy
1594339448.6194,9224.0,0.001,Buy
1594339461.9811,9223.5,0.001,Sell
1594339461.9811,9223.5,0.001,Sell
1594339461.9811,9223.5,0.002,Sell
1594339461.9811,9223.5,0.108,Sell
1594339462.973,9223.0,0.002,Sell
1594339462.973,9223.0,0.001,Sell
1594339465.7576,9222.0,0.2,Sell
1594339465.7576,9222.0,0.005,Sell
1594339465.7576,9222.0,0.001,Sell
1594339465.7576,9222.0,0.069,Sell
1594339465.7576,9222.0,0.002,Sell
1594339472.1636,9221.0,0.003,Sell
1594339472.1636,9221.0,0.001,Sell
1594339472.1636,9221.5,0.242,Sell
1594339472.1636,9221.0,0.004,Sell
1594339472.7754,9220.0,0.001,Sell
1594339472.7754,9221.0,0.002,Sell
1594339472.7754,9220.0,0.001,Sell
1594339472.7754,9220.0,0.001,Sell
1594339472.7754,9220.0,0.149,Sell
1594339472.7754,9221.0,0.096,Sell
1594339476.0966,9220.0,0.2,Sell
1594339482.262,9220.0,0.002,Sell
1594339482.262,9220.0,0.151,Sell
1594339483.0238,9218.0,0.002,Sell
1594339483.0238,9218.0,0.032,Sell
1594339483.0238,9218.0,0.002,Sell
1594339483.0238,9219.5,0.001,Sell
1594339483.0238,9219.5,0.001,Sell
1594339483.0238,9219.5,0.002,Sell
1594339483.0238,9219.5,0.001,Sell
1594339483.0238,9219.5,0.001,Sell
1594339483.0238,9218.0,0.2,Sell
1594339483.0238,9218.5,0.006,Sell
1594339483.0238,9219.0,0.002,Sell
1594339493.1439,9218.5,0.093,Buy
1594339521.7117,9218.0,0.186,Sell
1594339528.275,9218.0,0.1,Sell
1594339531.1695,9218.0,0.147,Sell
1594339539.4055,9218.0,0.67,Sell
1594339543.7671,9218.0,0.011,Sell
1594339555.7789,9218.0,0.099,Sell
1594339557.7827,9218.0,0.009,Sell
1594339560.4141,9218.0,0.021,Sell
1594339561.345,9218.5,0.001,Buy
1594339564.0101,9218.0,0.043,Sell
1594339569.3786,9218.0,0.001,Sell
1594339569.7923,9218.0,0.001,Sell
1594339570.7961,9218.0,0.014,Sell
1594339579.4229,9218.0,0.457,Sell
1594339581.8056,9218.0,0.027,Sell
1594339592.8175,9218.0,0.001,Sell
1594339621.2756,9218.5,0.001,Buy
1594339622.9385,9218.5,0.001,Buy
1594339629.3081,9218.0,0.001,Sell
1594339630.9701,9218.0,0.001,Sell
1594339646.8798,9218.0,0.001,Sell
1594339646.8798,9218.0,0.001,Sell
1594339646.8798,9218.0,0.009,Sell
1594339646.8798,9218.0,0.002,Sell
1594339646.8798,9218.0,0.1,Sell
1594339646.906,9217.5,0.001,Sell
1594339646.906,9217.5,0.001,Sell
1594339646.906,9217.5,0.001,Sell
1594339647.0869,9217.0,0.001,Sell
1594339647.0869,9217.0,0.001,Sell
1594339647.0869,9217.0,0.002,Sell
1594339647.0869,9217.0,0.011,Sell
1594339647.0869,9217.0,0.1,Sell
1594339647.0869,9217.0,2.885,Sell
1594339648.1376,9217.0,3.0,Sell
1594339648.6099,9217.0,3.0,Sell
1594339648.6874,9217.0,3.0,Sell
1594339651.7841,9217.0,0.1,Sell
1594339651.884,9217.0,0.1,Sell
1594339651.9844,9217.0,0.1,Sell
1594339652.0842,9217.0,0.1,Sell
1594339652.1842,9217.0,0.1,Sell
1594339652.2842,9217.0,0.1,Sell
1594339652.3841,9217.0,0.1,Sell
1594339652.4841,9217.0,0.1,Sell
1594339652.5853,9217.0,0.1,Sell
1594339652.6849,9217.0,0.1,Sell
1594339652.7846,9217.0,0.1,Sell
1594339652.8842,9217.0,0.07,Sell
1594339652.8842,9217.0,0.002,Sell
1594339652.8842,9217.0,0.028,Sell
1594339652.9843,9217.0,0.026,Sell
1594339652.9843,9217.0,0.054,Sell
1594339652.9843,9217.0,0.005,Sell
1594339652.9843,9217.0,0.015,Sell
1594339653.0841,9217.0,0.054,Sell
1594339653.1842,9216.5,0.005,Sell
1594339653.2842,9216.0,0.002,Sell
1594339653.2842,9216.0,0.001,Sell
1594339653.2842,9216.0,0.001,Sell
1594339653.2842,9216.0,0.005,Sell
1594339653.2842,9216.0,0.001,Sell
1594339653.2842,9216.0,0.002,Sell
1594339654.853,9215.5,0.02,Sell
1594339660.8872,9216.0,0.435,Buy
1594339661.4613,9216.0,0.011,Buy
1594339662.7463,9215.5,0.001,Sell
1594339662.7463,9215.0,0.002,Sell
1594339662.7463,9215.0,0.017,Sell
1594339670.0462,9215.0,0.063,Sell
1594339670.0462,9215.0,0.3,Sell
1594339670.0462,9215.0,0.002,Sell
1594339670.0462,9215.0,0.001,Sell
1594339670.0462,9213.5,0.134,Sell
1594339673.8987,9213.5,0.009,Buy
1594339681.4698,9213.5,0.013,Buy
1594339685.0844,9213.0,0.1,Sell
1594339685.1842,9213.0,0.1,Sell
1594339685.2841,9213.0,0.1,Sell
1594339685.3842,9213.0,0.1,Sell
1594339685.484,9213.0,0.1,Sell
1594339685.5841,9213.0,0.1,Sell
1594339685.6841,9213.0,0.1,Sell
1594339685.7842,9213.0,0.1,Sell
1594339685.8842,9213.0,0.1,Sell
1594339685.9841,9213.0,0.1,Sell
1594339686.0843,9213.0,0.1,Sell
1594339686.1842,9213.0,0.1,Sell
1594339686.2847,9213.0,0.1,Sell
1594339686.3841,9213.0,0.1,Sell
1594339686.4842,9213.0,0.1,Sell
1594339686.5841,9213.0,0.1,Sell
1594339686.6841,9213.0,0.1,Sell
1594339686.7844,9213.0,0.1,Sell
1594339686.8843,9213.0,0.1,Sell
1594339686.9841,9213.0,0.1,Sell
1594339687.2466,9213.5,0.001,Buy
1594339687.2466,9213.5,2.278,Buy
1594339687.2842,9214.0,0.001,Buy
1594339687.2842,9214.0,0.002,Buy
1594339687.3843,9215.0,0.098,Buy
1594339687.3843,9215.0,0.002,Buy
1594339688.0842,9216.0,0.002,Buy
1594339725.6139,9216.0,0.002,Sell
1594339725.6139,9212.0,0.002,Sell
1594339725.6139,9212.0,0.68,Sell
1594339725.6139,9212.0,0.003,Sell
1594339725.6139,9212.0,0.022,Sell
1594339725.6139,9212.0,0.092,Sell
1594339725.6139,9212.5,5.3,Sell
1594339725.6139,9212.5,8.81,Sell
1594339725.6139,9212.5,0.005,Sell
1594339725.6139,9213.0,0.002,Sell
1594339725.6139,9213.0,0.15,Sell
1594339725.6139,9212.0,3.443,Sell
1594339725.6139,9213.5,3.0,Sell
1594339725.6139,9213.0,0.034,Sell
1594339725.6139,9216.0,0.001,Sell
1594339725.6139,9216.0,0.015,Sell
1594339725.6139,9216.0,0.001,Sell
1594339725.6139,9216.0,0.001,Sell
1594339725.6139,9215.0,0.13,Sell
1594339725.6139,9215.5,0.054,Sell
1594339725.6139,9215.5,0.001,Sell
1594339725.6139,9215.5,0.001,Sell
1594339725.6139,9214.0,4.0,Sell
1594339725.6139,9215.5,0.109,Sell
1594339727.9492,9212.0,0.454,Sell
1594339729.9567,9212.0,0.743,Sell
1594339729.9567,9212.0,0.18,Sell
1594339737.4927,9212.0,0.242,Sell
1594339740.9684,9212.0,0.011,Sell
1594339741.6939,9212.0,0.001,Sell
1594339749.7369,9212.5,0.001,Buy
1594339750.9758,9212.0,0.009,Sell
1594339752.9515,9212.0,0.039,Sell
1594339752.9835,9212.0,0.019,Sell
1594339753.9873,9212.0,0.001,Sell
1594339756.5012,9212.0,0.023,Sell
1594339756.8027,9212.0,0.582,Sell
1594339762.4572,9212.0,0.597,Sell
1594339764.9968,9212.0,0.591,Sell
1594339775.5123,9212.0,0.01,Sell
1594339777.0086,9212.0,0.683,Sell
1594339786.8477,9212.5,0.299,Buy
1594339786.8477,9212.5,0.001,Buy
1594339786.8477,9212.5,0.138,Buy
1594339786.8477,9213.0,0.002,Buy
1594339786.8477,9213.0,0.059,Buy
1594339786.8477,9212.5,0.001,Buy
1594339802.4377,9214.0,0.001,Buy
1594339802.6552,9213.5,0.001,Sell
1594339809.4794,9213.5,0.001,Sell
1594339814.6925,9214.0,0.001,Buy
1594339842.413,9213.5,0.086,Sell
1594339875.2784,9214.0,0.02,Buy
1594339886.9837,9213.5,0.015,Sell
1594339894.1571,9213.5,1.066,Sell
1594339894.1571,9213.5,0.032,Sell
1594339902.1332,9214.0,0.055,Buy
1594339902.1332,9214.0,4.311,Buy
1594339915.6818,9213.5,0.001,Sell
1594339921.578,9213.5,0.001,Sell
1594339921.9289,9214.0,0.001,Buy
1594339921.9537,9213.5,0.001,Sell
1594339926.9878,9214.0,0.001,Buy
1594339927.3153,9214.0,0.001,Buy
1594339930.615,9214.0,0.001,Buy
1594339931.9641,9213.5,0.001,Sell
1594339936.9135,9214.0,0.507,Buy
1594339991.4691,9214.0,4.0,Buy
1594339991.6842,9214.0,0.1,Buy
1594339991.7842,9214.0,0.1,Buy
1594339991.8845,9214.0,0.5,Buy
1594339991.9842,9214.0,0.5,Buy
1594339992.0842,9214.0,0.5,Buy
1594339992.1842,9214.0,0.742,Buy
1594339992.2842,9214.0,0.1,Buy
1594339992.3842,9214.0,0.1,Buy
1594339992.4841,9214.0,0.504,Buy
1594339992.5841,9214.0,0.732,Buy
1594339992.6843,9214.0,0.1,Buy
1594339992.7842,9214.0,0.1,Buy
1594339992.8842,9214.0,0.707,Buy
1594339992.9841,9214.0,0.463,Buy
1594339993.0842,9214.0,0.1,Buy
1594339993.1842,9214.0,0.1,Buy
1594339993.2842,9214.0,0.1,Buy
1594339993.3841,9214.0,0.1,Buy
1594339993.4841,9214.0,0.1,Buy
1594339993.5842,9214.0,0.428,Buy
1594339993.6842,9214.0,0.405,Buy
1594339993.7841,9214.0,0.1,Buy
1594339993.8841,9214.0,0.1,Buy
1594339993.9842,9214.0,0.762,Buy
1594339994.0842,9214.0,0.1,Buy
1594339994.1843,9214.0,0.1,Buy
1594339994.2842,9214.0,0.199,Buy
1594339994.3841,9214.0,0.1,Buy
1594339994.4841,9214.0,0.877,Buy
1594340014.8943,9214.0,0.135,Buy
1594340025.3968,9214.0,2.124,Buy
1594340025.4842,9215.0,0.1,Buy
1594340025.5842,9215.0,0.1,Buy
1594340025.6842,9215.0,0.1,Buy
1594340025.7842,9215.0,0.1,Buy
1594340025.8843,9215.0,0.1,Buy
1594340025.9842,9215.0,0.1,Buy
1594340026.084,9215.0,0.1,Buy
1594340026.1841,9215.0,0.1,Buy
1594340026.2842,9215.0,0.1,Buy
1594340026.3841,9215.0,0.1,Buy
1594340026.484,9215.0,0.1,Buy
1594340026.5841,9215.0,0.1,Buy
1594340026.6841,9215.0,0.1,Buy
1594340026.7841,9215.0,0.1,Buy
1594340026.8841,9215.0,0.1,Buy
1594340026.9845,9215.0,0.1,Buy
1594340027.0843,9215.0,0.1,Buy
1594340027.1842,9215.0,0.1,Buy
1594340027.2841,9215.0,0.1,Buy
1594340027.3842,9215.0,0.1,Buy
1594340027.4841,9215.0,0.1,Buy
1594340027.5843,9215.0,0.1,Buy
1594340027.6842,9215.0,0.1,Buy
1594340027.7842,9215.0,0.1,Buy
1594340027.8841,9215.0,0.1,Buy
1594340027.9841,9215.0,0.1,Buy
1594340028.0842,9215.0,0.1,Buy
1594340028.1842,9215.0,0.1,Buy
1594340028.2842,9215.0,0.1,Buy
1594340028.3842,9215.0,0.1,Buy
1594340034.9771,9215.0,1.169,Buy
1594340035.784,9215.0,0.1,Buy
1594340035.8841,9215.0,0.1,Buy
1594340035.9842,9215.0,0.1,Buy
1594340036.0841,9215.0,0.1,Buy
1594340036.1841,9215.0,0.1,Buy
1594340036.2842,9215.0,0.1,Buy
1594340036.3842,9215.0,0.1,Buy
1594340036.4841,9215.0,0.1,Buy
1594340036.5841,9215.0,0.1,Buy
1594340036.6842,9215.0,0.1,Buy
1594340036.7842,9215.0,0.1,Buy
1594340036.8154,9215.0,0.1,Buy
1594340036.8154,9215.0,2.711,Buy
1594340036.8154,9215.0,0.002,Buy
1594340036.8841,9216.0,0.002,Buy
1594340036.9841,9217.0,0.002,Buy
1594340038.6244,9217.5,0.006,Sell
1594340040.2743,9217.5,0.023,Sell
1594340040.5,9218.0,0.033,Buy
1594340040.6882,9218.0,0.3,Buy
1594340041.4679,9218.0,0.001,Buy
1594340043.4293,9217.5,0.001,Sell
1594340044.2819,9217.5,0.027,Sell
1594340049.4597,9218.0,0.001,Buy
1594340049.5014,9217.5,0.001,Sell
1594340056.2933,9217.5,0.701,Sell
1594340057.297,9217.5,0.109,Sell
1594340059.633,9217.5,0.004,Sell
1594340069.3066,9217.5,0.028,Sell
1594340072.7843,9218.0,0.1,Buy
1594340072.8845,9218.0,0.1,Buy
1594340072.9841,9218.0,0.1,Buy
1594340073.0841,9218.0,0.1,Buy
1594340073.1843,9218.0,0.1,Buy
1594340073.2842,9218.0,0.027,Buy
1594340073.2842,9218.0,0.073,Buy
1594340073.3842,9218.0,0.001,Buy
1594340073.3842,9218.0,0.015,Buy
1594340073.3842,9218.0,0.001,Buy
1594340073.3842,9218.0,0.001,Buy
1594340073.3842,9218.0,0.035,Buy
1594340078.6417,9218.0,0.029,Sell
1594340082.3144,9218.0,0.114,Sell
1594340086.3223,9218.0,0.195,Sell
1594340097.6505,9218.0,0.02,Sell
1594340101.3371,9218.0,0.019,Sell
1594340101.3684,9218.5,0.001,Buy
1594340102.6532,9218.5,0.001,Buy
1594340102.6532,9218.5,0.009,Buy
1594340103.8842,9218.5,0.1,Buy
1594340108.8842,9219.0,0.005,Buy
1594340108.8842,9219.0,0.002,Buy
1594340108.8842,9219.0,0.001,Buy
1594340108.8842,9219.0,0.015,Buy
1594340109.4056,9219.5,0.001,Sell
1594340112.3433,9219.5,0.023,Sell
1594340116.3512,9219.5,0.01,Sell
1594340116.659,9219.5,0.336,Sell
1594340121.025,9219.5,0.046,Sell
1594340128.3635,9219.5,0.077,Sell
1594340137.6678,9219.5,0.007,Sell
1594340140.3755,9219.5,0.006,Sell
1594340153.3874,9219.5,0.013,Sell
1594340156.6764,9219.5,0.018,Sell
1594340161.5936,9220.0,0.001,Buy
1594340165.4005,9219.5,0.017,Sell
1594340169.6244,9219.5,0.001,Sell
1594340175.6851,9219.5,0.001,Sell
1594340179.4141,9219.5,0.024,Sell
1594340192.4258,9219.5,0.012,Sell
1594340194.6936,9219.5,0.041,Sell
1594340204.438,9219.5,0.007,Sell
1594340215.45,9219.5,0.022,Sell
1594340215.7021,9219.5,0.011,Sell
1594340221.9245,9219.5,0.001,Sell
1594340226.1911,9220.0,0.039,Buy
1594340226.1911,9220.0,0.001,Buy
1594340226.1911,9220.0,0.057,Buy
1594340226.1911,9220.0,0.002,Buy
1594340226.1911,9220.0,0.009,Buy
1594340229.9541,9221.0,0.001,Buy
1594340281.454,9220.5,0.001,Sell
1594340293.4864,9221.0,0.001,Buy
1594340373.0037,9221.0,0.02,Buy
1594340385.6159,9220.5,0.004,Sell
1594340394.7836,9220.5,0.366,Sell
1594340396.6279,9220.5,0.013,Sell
1594340401.4994,9221.0,0.001,Buy
1594340402.755,9220.5,0.001,Sell
1594340407.7876,9221.0,0.001,Buy
1594340408.533,9220.5,0.001,Sell
1594340408.6398,9220.5,0.176,Sell
1594340415.7919,9220.5,0.572,Sell
1594340420.6517,9220.5,0.018,Sell
1594340421.6556,9220.5,0.374,Sell
1594340431.6597,9220.5,0.011,Sell
1594340433.6674,9220.5,0.004,Sell
1594340434.8007,9220.5,0.746,Sell
1594340446.6811,9220.5,0.079,Sell
1594340452.323,9221.0,0.05,Buy
1594340454.3933,9221.0,0.033,Buy
1594340455.8098,9220.5,0.004,Sell
1594340463.6968,9220.5,0.022,Sell
1594340463.7728,9221.0,0.001,Buy
1594340473.8089,9220.5,0.001,Sell
1594340474.8185,9220.5,0.01,Sell
1594340477.1595,9220.5,0.419,Sell
1594340478.7104,9220.5,0.019,Sell
1594340485.7822,9220.5,0.416,Sell
1594340493.7238,9220.5,0.001,Sell
1594340495.8272,9220.5,0.015,Sell
1594340510.739,9220.5,0.014,Sell
1594340514.8358,9220.5,0.022,Sell
1594340522.1377,9221.0,0.001,Buy
1594340525.7523,9220.5,0.065,Sell
1594340530.178,9220.5,0.001,Sell
1594340535.8445,9220.5,0.645,Sell
1594340540.7658,9220.5,0.535,Sell
1594340548.2398,9221.0,0.02,Buy
1594340554.7795,9220.5,0.017,Sell
1594340554.853,9220.5,0.007,Sell
1594340567.7929,9220.5,0.024,Sell
1594340575.8618,9220.5,0.399,Sell
1594340581.58,9221.0,0.001,Buy
1594340581.6373,9220.5,0.001,Sell
1594340581.7912,9220.5,0.03,Sell
1594340582.8091,9220.5,0.015,Sell
1594340589.6113,9220.5,0.001,Sell
1594340590.6687,9221.0,0.001,Buy
1594340594.8225,9220.5,0.252,Sell
1594340594.8225,9220.5,0.724,Sell
1594340594.8716,9220.5,0.368,Sell
1594340607.8377,9220.5,0.991,Sell
1594340613.8805,9220.5,0.604,Sell
1594340614.5185,9221.0,0.13,Buy
1594340614.5185,9221.0,0.2,Buy
1594340614.5185,9221.0,1.08,Buy
1594340614.5185,9221.0,0.054,Buy
1594340614.5185,9221.0,0.071,Buy
1594340614.5185,9221.0,0.053,Buy
1594340614.5185,9221.0,0.054,Buy
1594340614.5185,9221.0,0.001,Buy
1594340614.5185,9221.0,0.08,Buy
1594340614.5185,9221.0,0.109,Buy
1594340614.5185,9221.0,0.001,Buy
1594340641.957,9221.5,0.001,Sell
1594340647.9877,9222.0,0.001,Buy
1594340652.373,9222.0,0.04,Buy
1594340652.373,9222.0,0.01,Buy
1594340669.4068,9221.5,0.03,Sell
1594340693.3958,9222.0,0.002,Buy
1594340693.3958,9222.0,0.054,Buy
1594340693.3958,9222.0,0.002,Buy
1594340701.3456,9222.5,0.001,Sell
1594340702.2748,9223.0,0.001,Buy
1594340706.9357,9222.5,0.018,Sell
1594340709.3773,9223.0,0.001,Buy
1594340710.3041,9222.5,0.001,Sell
1594340714.9232,9222.5,0.799,Sell
1594340720.9491,9222.5,0.01,Sell
1594340732.9626,9222.5,0.239,Sell
1594340735.9319,9222.5,0.029,Sell
1594340744.9761,9222.5,0.007,Sell
1594340754.9406,9222.5,0.026,Sell
1594340757.9895,9222.5,0.008,Sell
1594340762.482,9222.5,0.001,Sell
1594340770.0438,9222.5,0.001,Sell
1594340770.0438,9222.5,0.009,Sell
1594340770.0438,9222.5,0.005,Sell
1594340770.0438,9222.5,0.033,Sell
1594340774.5125,9222.5,0.001,Buy
1594340787.145,9222.0,0.442,Sell
1594340787.145,9222.0,0.001,Sell
1594340787.145,9222.0,0.002,Sell
1594340860.4185,9221.0,0.001,Sell
1594340860.4185,9221.0,0.002,Sell
1594340860.4185,9221.0,0.001,Sell
1594340864.047,9221.5,0.018,Buy
1594340873.027,9220.5,0.01,Sell
1594340873.027,9220.5,0.014,Sell
1594340881.1798,9220.5,0.001,Sell
1594340886.2114,9221.0,0.001,Buy
1594340900.1378,9221.0,0.119,Buy
1594340900.3853,9221.5,0.001,Buy
1594340900.4841,9222.0,0.001,Buy
1594340901.0841,9223.0,0.001,Buy
1594340901.0841,9223.0,0.099,Buy
1594340901.1843,9223.0,0.001,Buy
1594340901.1843,9223.0,0.001,Buy
1594340901.1843,9223.0,0.005,Buy
1594340901.1843,9223.0,0.002,Buy
1594340901.1843,9223.0,0.002,Buy
1594340901.1843,9223.0,0.05,Buy
1594340901.2841,9224.0,0.002,Buy
1594340901.2841,9224.0,0.056,Buy
1594340901.2841,9224.0,0.04,Buy
1594340901.2841,9224.0,0.001,Buy
1594340901.2841,9224.0,0.001,Buy
1594340901.3849,9224.0,0.036,Buy
1594340901.3849,9224.0,0.055,Buy
1594340901.3849,9224.0,0.002,Buy
1594340901.4842,9225.0,0.005,Buy
1594340901.4842,9225.0,0.002,Buy
1594340901.4842,9225.0,0.002,Buy
1594340901.4842,9225.0,0.001,Buy
1594340901.4842,9225.0,0.034,Buy
1594340901.5841,9226.0,0.001,Buy
1594340901.5841,9226.0,0.002,Buy
1594340901.5841,9226.0,0.04,Buy
1594340901.5841,9226.0,0.006,Buy
1594340901.5841,9226.0,0.002,Buy
1594340901.6842,9227.0,0.001,Buy
1594340901.6842,9227.0,0.011,Buy
1594340901.6842,9227.0,0.032,Buy
1594340901.6842,9227.0,0.005,Buy
1594340901.7841,9228.0,0.001,Buy
1594340901.7841,9228.0,0.04,Buy
1594340902.4842,9229.0,0.01,Buy
1594340902.4842,9229.0,0.005,Buy
1594340902.4842,9229.0,0.083,Buy
1594340902.4842,9229.0,0.001,Buy
1594340902.4842,9229.0,0.001,Buy
1594340902.5842,9229.0,0.1,Buy
1594340902.6843,9229.0,0.845,Buy
1594340902.7842,9229.0,0.1,Buy
1594340902.8842,9229.0,0.1,Buy
1594340902.9842,9229.0,0.1,Buy
1594340903.0843,9229.0,0.1,Buy
1594340903.1842,9229.0,0.1,Buy
1594340903.2842,9229.0,0.1,Buy
1594340903.3841,9229.0,0.1,Buy
1594340903.4843,9229.0,0.1,Buy
1594340903.5842,9229.0,0.072,Buy
1594340903.5842,9229.0,0.003,Buy
1594340903.5842,9229.0,0.015,Buy
1594340903.5842,9229.0,0.01,Buy
1594340903.6841,9229.0,0.001,Buy
1594340903.6841,9229.0,0.001,Buy
1594340903.6841,9229.0,0.098,Buy
1594340903.7842,9229.0,0.002,Buy
1594340903.7842,9229.0,0.001,Buy
1594340903.7842,9229.0,0.001,Buy
1594340903.7842,9229.0,0.001,Buy
1594340903.7842,9229.0,0.005,Buy
1594340903.7842,9229.0,0.033,Buy
1594340903.7842,9229.0,0.001,Buy
1594340903.7842,9229.0,0.001,Buy
1594340903.7842,9229.0,0.009,Buy
1594340903.7842,9229.0,0.001,Buy
1594340903.8842,9230.0,0.001,Buy
1594340903.8842,9230.0,0.001,Buy
1594340903.8842,9230.0,0.04,Buy
1594340903.8842,9230.0,0.001,Buy
1594340903.8842,9230.0,0.001,Buy
1594340903.8842,9230.0,0.001,Buy
1594340914.0399,9228.0,0.001,Buy
1594340914.279,9228.0,0.001,Buy
1594340929.0105,9227.5,0.261,Sell
1594340954.9272,9227.5,0.046,Sell
1594340958.3368,9228.0,0.025,Buy
1594340960.2054,9228.0,0.002,Buy
1594340966.2345,9227.5,0.033,Sell
1594341001.7367,9228.0,0.001,Buy
1594341002.4624,9231.0,0.022,Buy
1594341002.4624,9231.0,0.002,Buy
1594341002.4624,9232.0,0.001,Buy
1594341002.4624,9232.0,0.04,Buy
1594341002.4624,9232.0,0.2,Buy
1594341002.4624,9232.0,0.032,Buy
1594341002.4624,9232.0,0.005,Buy
1594341002.4624,9231.0,0.001,Buy
1594341002.4624,9232.0,0.002,Buy
1594341002.4624,9232.0,0.001,Buy
1594341002.4624,9230.0,0.002,Buy
1594341002.4624,9230.0,0.001,Buy
1594341002.4624,9228.0,0.108,Buy
1594341002.4624,9228.0,0.049,Buy
1594341002.4624,9230.0,0.005,Buy
1594341002.4624,9228.0,0.002,Buy
1594341002.4624,9228.0,0.001,Buy
1594341002.4624,9232.5,0.231,Buy
1594341002.4624,9228.5,0.001,Buy
1594341002.4624,9229.0,0.001,Buy
1594341002.4624,9229.0,0.01,Buy
1594341002.4624,9229.0,0.002,Buy
1594341002.4624,9228.5,0.001,Buy
1594341002.4641,9232.5,0.011,Buy
1594341002.4641,9232.5,0.636,Buy
1594341002.4641,9232.5,0.1,Buy
1594341003.2291,9232.5,0.001,Buy
1594341003.2557,9232.5,0.001,Buy
1594341003.5844,9232.5,0.1,Buy
1594341003.6842,9232.5,0.1,Buy
1594341003.7842,9232.5,0.055,Buy
1594341003.7842,9232.5,0.006,Buy
1594341003.8841,9233.0,0.002,Buy
1594341003.8841,9233.0,0.001,Buy
1594341003.8841,9233.0,0.097,Buy
1594341003.9841,9233.5,0.02,Buy
1594341003.9841,9233.5,0.08,Buy
1594341004.0842,9233.5,0.1,Buy
1594341004.1842,9233.5,0.1,Buy
1594341004.2841,9233.5,0.1,Buy
1594341004.3843,9233.5,0.1,Buy
1594341004.4841,9233.5,0.1,Buy
1594341004.5843,9233.5,0.1,Buy
1594341004.6843,9233.5,0.1,Buy
1594341004.7842,9233.5,0.1,Buy
1594341004.8842,9233.5,0.1,Buy
1594341004.9842,9233.5,0.1,Buy
1594341005.0854,9233.5,0.1,Buy
1594341005.1842,9233.5,0.1,Buy
1594341005.2841,9233.5,0.1,Buy
1594341005.3842,9233.5,0.1,Buy
1594341005.4842,9233.5,0.1,Buy
1594341005.5843,9233.5,0.1,Buy
1594341005.6843,9233.5,0.1,Buy
1594341005.7841,9233.5,0.1,Buy
1594341005.8842,9233.5,0.1,Buy
1594341005.9842,9233.5,0.1,Buy
1594341006.0842,9233.5,0.1,Buy
1594341006.1593,9233.5,1.82,Buy
1594341006.1593,9233.5,0.18,Buy
1594341006.1841,9233.5,0.1,Buy
1594341006.2842,9233.5,0.1,Buy
1594341006.3842,9233.5,0.1,Buy
1594341006.4842,9233.5,0.1,Buy
1594341006.5844,9233.5,0.1,Buy
1594341006.6844,9233.5,0.1,Buy
1594341006.7842,9233.5,0.1,Buy
1594341006.8842,9233.5,0.1,Buy
1594341006.9841,9233.5,0.1,Buy
1594341007.0842,9233.5,0.1,Buy
1594341008.7778,9233.0,0.001,Sell
1594341011.2684,9233.0,0.001,Sell
1594341013.2865,9233.0,0.001,Sell
1594341061.4939,9233.5,0.001,Buy
1594341069.5242,9233.0,0.001,Sell
1594341124.1547,9233.5,0.3,Buy
1594341124.1547,9233.5,1.7,Buy
1594341167.9957,9234.0,0.01,Buy
1594341167.9957,9234.0,0.1,Buy
1594341167.9957,9234.0,0.002,Buy
1594341167.9957,9234.0,3.0,Buy
1594341167.9957,9235.0,0.001,Buy
1594341167.9957,9235.5,0.005,Buy
1594341167.9957,9235.0,0.5,Buy
1594341167.9957,9234.0,0.001,Buy
1594341167.9957,9235.5,1.28,Buy
1594341167.9957,9235.5,2.71,Buy
1594341167.9957,9235.5,2.5,Buy
1594341167.9957,9235.0,0.002,Buy
1594341167.9957,9234.0,0.001,Buy
1594341167.9957,9234.0,0.002,Buy
1594341167.9957,9234.0,0.002,Buy
1594341167.9957,9234.0,0.006,Buy
1594341167.9957,9234.0,0.001,Buy
1594341167.9957,9233.5,4.0,Buy
1594341167.9957,9233.5,0.049,Buy
1594341167.9957,9233.5,0.034,Buy
1594341167.9957,9233.5,1.174,Buy
1594341167.9957,9233.5,0.054,Buy
1594341167.9957,9233.5,0.108,Buy
1594341167.9957,9233.5,1.05,Buy
1594341167.9957,9233.5,2.4,Buy
1594341167.9957,9233.5,0.058,Buy
1594341167.9957,9233.5,0.49,Buy
1594341167.9957,9234.0,0.04,Buy
1594341167.9957,9235.5,0.418,Buy
1594341167.9957,9234.0,0.002,Buy
1594341169.4042,9235.5,0.007,Buy
1594341178.127,9235.5,0.177,Buy
1594341179.4103,9235.5,0.007,Buy
1594341179.7686,9236.5,1.65,Buy
1594341179.7686,9235.5,2.278,Buy
1594341179.7686,9235.5,0.1,Buy
1594341179.7686,9235.5,0.05,Buy
1594341179.7686,9235.5,2.278,Buy
1594341179.7686,9235.5,0.05,Buy
1594341179.7686,9235.5,4.8,Buy
1594341179.7686,9235.5,0.262,Buy
1594341179.7686,9235.5,2.918,Buy
1594341179.7686,9235.5,0.001,Buy
1594341179.7686,9235.5,5.59,Buy
1594341179.7686,9235.5,4.0,Buy
1594341179.7686,9235.5,1.041,Buy
1594341179.7686,9236.5,4.7,Buy
1594341179.7686,9236.5,0.1,Buy
1594341179.7686,9236.5,2.937,Buy
1594341179.7686,9235.5,0.3,Buy
1594341179.7686,9236.0,0.001,Buy
1594341179.7686,9235.5,0.002,Buy
1594341179.7686,9236.0,0.001,Buy
1594341179.7686,9236.0,0.002,Buy
1594341179.7686,9236.0,0.001,Buy
1594341179.7686,9236.0,0.002,Buy
1594341179.7686,9236.0,0.001,Buy
1594341179.7686,9236.0,0.5,Buy
1594341179.7686,9236.0,2.5,Buy
1594341179.7686,9236.0,3.0,Buy
1594341179.7686,9236.0,3.0,Buy
1594341179.7686,9236.5,2.5,Buy
1594341179.7686,9236.0,5.3,Buy
1594341179.7686,9236.0,0.092,Buy
1594341179.7686,9236.0,0.04,Buy
1594341179.7686,9236.0,0.003,Buy
1594341179.7753,9237.0,0.001,Buy
1594341179.7753,9236.5,2.263,Buy
1594341179.7753,9237.0,3.21,Buy
1594341179.7753,9237.0,2.5,Buy
1594341179.7753,9237.0,0.001,Buy
1594341179.7753,9237.0,0.003,Buy
1594341179.7753,9237.0,0.001,Buy
1594341179.7753,9237.0,0.001,Buy
1594341179.7816,9237.0,0.03,Buy
1594341181.6937,9236.5,0.001,Sell
1594341189.7254,9237.0,0.001,Buy
1594341198.8183,9236.5,0.6,Sell
1594341218.4131,9236.5,0.008,Sell
1594341222.668,9236.5,0.001,Sell
1594341222.668,9236.5,0.001,Sell
1594341222.668,9236.5,0.298,Sell
1594341222.7524,9236.0,0.001,Sell
1594341222.7524,9236.0,0.002,Sell
1594341226.0842,9235.0,0.097,Sell
1594341226.0842,9235.0,0.001,Sell
1594341226.0842,9235.0,0.002,Sell
1594341226.1842,9235.0,0.1,Sell
1594341226.1857,9235.5,0.01,Buy
1594341226.2841,9235.0,0.1,Sell
1594341226.3842,9235.0,0.1,Sell
1594341226.4629,9235.5,0.015,Buy
1594341226.484,9235.0,0.1,Sell
1594341226.5842,9235.0,0.1,Sell
1594341237.1531,9235.5,0.278,Buy
1594341237.1843,9235.0,0.1,Sell
1594341237.2842,9235.0,0.1,Sell
1594341237.3842,9235.0,0.1,Sell
1594341237.4689,9235.5,0.016,Buy
1594341241.4764,9235.5,0.025,Buy
1594341242.1814,9235.0,0.001,Sell
1594341242.2695,9235.5,0.001,Buy
1594341242.9902,9235.0,0.001,Sell
1594341243.0035,9235.0,0.001,Sell
1594341248.2189,9235.5,0.001,Buy
1594341250.3052,9235.0,0.001,Sell
1594341252.0203,9235.5,0.001,Buy
1594341252.4804,9235.5,0.022,Buy
1594341253.4843,9235.5,0.859,Buy
1594341255.037,9235.5,0.001,Buy
1594341255.4917,9235.5,0.307,Buy
1594341256.1858,9235.5,0.835,Buy
1594341258.1623,9235.5,0.001,Buy
1594341265.4975,9235.5,0.198,Buy
1594341267.5051,9235.5,0.973,Buy
1594341277.5092,9235.5,0.021,Buy
1594341278.513,9235.5,0.414,Buy
1594341279.1709,9235.5,0.027,Buy
1594341279.9087,9235.5,0.034,Buy
1594341286.6836,9235.5,0.03,Buy
1594341289.5249,9235.5,0.729,Buy
1594341300.1797,9235.5,0.602,Buy
1594341303.5402,9235.5,0.01,Buy
1594341314.3792,9234.5,0.005,Sell
1594341318.557,9234.5,0.028,Buy
1594341321.1884,9234.5,0.208,Buy
1594341331.5688,9234.5,0.041,Buy
1594341342.1967,9234.5,0.65,Buy
1594341343.5823,9234.5,0.02,Buy
1594341348.608,9234.0,0.019,Sell
1594341348.608,9234.0,0.001,Sell
1594341353.257,9234.0,0.003,Sell
1594341356.594,9234.5,0.012,Buy
1594341361.2455,9234.0,0.001,Sell
1594341362.2053,9234.5,0.01,Buy
1594341366.2744,9234.5,0.001,Buy
1594341367.6056,9234.5,0.003,Buy
1594341442.7822,9234.5,0.15,Buy
1594341459.5647,9234.0,0.015,Sell
1594341481.3849,9234.5,0.001,Buy
1594341489.4151,9234.0,0.001,Sell
1594341541.4192,9234.5,0.001,Buy
1594341541.6669,9234.5,0.001,Buy
1594341549.6955,9234.0,0.001,Sell
1594341551.4499,9234.0,0.001,Sell
1594341601.834,9234.5,0.001,Buy
1594341608.8646,9234.0,0.001,Sell
1594341621.5869,9234.5,0.15,Buy
1594341661.2726,9234.0,0.001,Sell
1594341669.3019,9234.5,0.001,Buy
1594341696.5093,9234.5,0.034,Buy
1594341721.3095,9234.0,0.001,Sell
1594341733.3386,9234.5,0.001,Buy
1594341781.7133,9234.5,0.001,Buy
1594341789.7433,9234.0,0.001,Sell
1594341799.5046,9234.0,4.0,Sell
1594341800.2021,9234.0,3.0,Sell
1594341800.3113,9234.0,0.001,Sell
1594341800.3113,9234.0,0.3,Sell
1594341800.3113,9234.0,0.055,Sell
1594341800.3113,9234.0,0.001,Sell
1594341802.3842,9233.0,0.001,Sell
1594341802.3842,9233.0,0.001,Sell
1594341802.3842,9233.0,0.002,Sell
1594341802.4842,9232.0,0.001,Sell
1594341802.4842,9232.0,0.001,Sell
1594341802.4842,9232.0,0.002,Sell
1594341803.1842,9231.0,0.005,Sell
1594341803.1842,9231.0,0.001,Sell
1594341803.1842,9231.0,0.002,Sell
1594341803.1842,9231.0,0.091,Sell
1594341803.1842,9231.0,0.001,Sell
1594341803.2841,9231.0,0.017,Sell
1594341803.3841,9230.0,0.001,Sell
1594341803.3841,9230.0,0.001,Sell
1594341803.3841,9230.0,0.001,Sell
1594341803.3841,9230.0,0.001,Sell
1594341803.3841,9230.0,0.002,Sell
1594341803.4842,9229.5,0.1,Sell
1594341803.5842,9229.5,0.1,Sell
1594341803.6842,9229.5,0.1,Sell
1594341803.7849,9229.5,0.1,Sell
1594341803.8842,9229.5,0.1,Sell
1594341803.9842,9229.5,0.1,Sell
1594341804.0842,9229.5,0.1,Sell
1594341804.1843,9229.5,0.1,Sell
1594341804.2843,9229.5,0.1,Sell
1594341804.3842,9229.5,0.1,Sell
1594341804.4842,9229.5,0.1,Sell
1594341804.5843,9229.5,0.1,Sell
1594341804.6842,9229.5,0.1,Sell
1594341811.0492,9230.0,0.005,Buy
1594341812.0529,9230.0,0.018,Buy
1594341828.2609,9229.5,0.195,Sell
1594341841.7909,9229.5,0.001,Sell
1594341841.895,9229.5,0.001,Sell
1594341846.9261,9230.0,0.001,Buy
1594341847.8224,9230.0,0.001,Buy
1594341901.2833,9229.5,0.064,Sell
1594341902.7052,9229.5,0.001,Sell
1594341911.7396,9230.0,0.001,Buy
1594341947.6091,9229.5,0.054,Sell
1594341947.6091,9229.5,0.08,Sell
1594341948.3736,9229.0,0.01,Sell
1594341948.3736,9229.0,0.001,Sell
1594341948.3736,9229.0,0.001,Sell
1594341948.3736,9229.0,0.001,Sell
1594341948.3736,9229.0,0.001,Sell
1594341948.3736,9229.0,0.002,Sell
1594341948.3736,9229.0,0.001,Sell
1594341949.1946,9228.5,0.723,Buy
1594341950.5061,9228.0,0.001,Sell
1594341950.5061,9228.0,0.001,Sell
1594341950.5061,9228.0,0.002,Sell
1594341950.524,9227.5,0.005,Sell
1594341951.6212,9227.0,0.001,Sell
1594341951.6212,9227.0,0.033,Sell
1594341951.6212,9227.0,0.001,Sell
1594341951.6212,9227.0,0.001,Sell
1594341951.6212,9227.0,0.001,Sell
1594341951.6212,9227.0,0.002,Sell
1594341962.0322,9226.5,0.001,Buy
1594341970.0607,9226.0,0.001,Sell
1594341977.0327,9225.0,0.002,Sell
1594341977.0327,9225.0,0.001,Sell
1594341977.0327,9225.0,0.001,Sell
1594341977.0327,9225.0,0.001,Sell
1594341977.0327,9226.0,0.001,Sell
1594341977.0327,9226.0,0.002,Sell
1594341977.0327,9226.0,0.001,Sell
1594341977.0327,9226.0,0.001,Sell
1594341977.0327,9226.0,0.006,Sell
1594341977.0327,9226.0,0.015,Sell
1594341977.0327,9226.0,0.001,Sell
1594341977.0327,9226.0,0.002,Sell
1594341995.1726,9225.0,0.001,Sell
1594341995.1726,9225.0,0.001,Sell
1594341995.1726,9225.0,0.005,Sell
1594341995.1726,9225.0,0.009,Sell
1594341995.1726,9224.5,0.032,Sell
1594341995.1726,9224.5,0.005,Sell
1594341995.1726,9224.5,0.001,Sell
1594341995.1726,9224.5,0.001,Sell
1594341995.1726,9224.5,1.945,Sell
1594342013.2683,9224.0,1.828,Sell
1594342013.2683,9224.0,0.005,Sell
1594342013.2683,9224.0,0.001,Sell
1594342013.2683,9224.0,0.01,Sell
1594342013.2683,9224.0,0.092,Sell
1594342013.2683,9224.0,0.002,Sell
1594342013.2683,9224.0,0.001,Sell
1594342013.2683,9224.5,0.001,Sell
1594342013.2683,9224.5,0.002,Sell
1594342013.2683,9224.0,0.057,Sell
1594342013.2683,9224.0,0.001,Sell
1594342017.5988,9224.5,0.01,Buy
1594342017.5988,9224.5,0.49,Buy
1594342018.5035,9224.5,0.025,Buy
1594342022.5519,9224.5,0.001,Buy
1594342026.2681,9224.5,0.019,Buy
1594342027.272,9224.0,0.259,Sell
1594342030.5945,9224.0,0.001,Sell
1594342038.512,9224.5,0.021,Buy
1594342039.2818,9224.5,0.024,Buy
1594342054.2954,9224.5,0.023,Buy
1594342058.5205,9224.5,0.03,Buy
1594342065.3085,9224.5,0.027,Buy
1594342076.3203,9224.5,0.961,Buy
1594342078.5289,9224.5,0.019,Buy
1594342081.7803,9224.5,0.001,Buy
1594342090.3345,9224.5,0.012,Buy
1594342091.8085,9224.0,0.001,Sell
1594342092.342,9224.5,0.025,Buy
1594342097.5375,9224.5,0.017,Buy
1594342102.3483,9224.5,0.67,Buy
1594342105.1879,9224.0,0.01,Sell
1594342105.1879,9224.0,0.09,Sell
1594342113.3605,9224.5,0.002,Buy
1594342117.3682,9224.5,0.391,Buy
1594342117.546,9224.5,0.004,Buy
1594342129.3761,9224.5,0.965,Buy
1594342138.5551,9224.5,0.715,Buy
1594342141.3893,9224.5,0.561,Buy
1594342142.4123,9224.0,0.001,Sell
1594342144.1795,9223.0,0.123,Sell
1594342144.1795,9223.0,0.002,Sell
1594342144.1795,9223.0,0.001,Sell
1594342144.1795,9224.0,0.002,Sell
1594342144.1795,9223.0,0.001,Sell
1594342144.1795,9223.0,0.001,Sell
1594342144.1795,9223.0,0.001,Sell
1594342144.1795,9224.0,0.069,Sell
1594342150.4412,9223.5,0.001,Buy
1594342174.0064,9223.5,0.009,Buy
1594342174.0064,9223.5,0.184,Buy
1594342177.4261,9223.5,0.001,Buy
1594342180.5723,9223.5,0.005,Buy
1594342189.4407,9223.5,0.009,Buy
1594342191.2361,9223.0,0.139,Sell
1594342200.5809,9223.5,0.008,Buy
1594342201.5778,9223.5,0.001,Buy
1594342201.8838,9223.0,0.001,Sell
1594342204.4522,9223.5,0.1,Buy
1594342206.456,9223.5,0.01,Buy
1594342208.6068,9223.0,0.001,Sell
1594342213.9318,9223.5,0.001,Buy
1594342219.4682,9223.5,0.135,Buy
1594342220.5893,9223.5,0.262,Buy
1594342234.4819,9223.5,0.296,Buy
1594342234.9568,9223.0,0.3,Sell
1594342241.5978,9223.5,0.846,Buy
1594342247.4936,9223.5,0.025,Buy
1594342260.5053,9223.5,0.001,Buy
1594342261.6075,9223.5,0.005,Buy
1594342271.5177,9223.5,0.001,Buy
1594342271.541,9223.0,0.001,Sell
1594342271.541,9223.0,0.001,Sell
1594342271.541,9223.0,0.009,Sell
1594342271.541,9223.0,0.001,Sell
1594342271.541,9223.0,0.108,Sell
1594342289.9025,9222.5,0.001,Sell
1594342290.668,9220.0,0.001,Sell
1594342290.668,9219.5,1.737,Sell
1594342290.668,9220.0,0.002,Sell
1594342290.668,9220.0,3.0,Sell
1594342290.668,9220.0,0.001,Sell
1594342290.668,9220.0,0.001,Sell
1594342290.668,9221.0,0.002,Sell
1594342290.668,9222.0,0.002,Sell
1594342290.668,9221.0,0.001,Sell
1594342290.668,9221.0,0.003,Sell
1594342290.668,9221.0,0.001,Sell
1594342290.668,9221.5,0.242,Sell
1594342290.668,9222.0,0.001,Sell
1594342290.668,9222.0,0.001,Sell
1594342290.668,9221.0,0.005,Sell
1594342293.0843,9219.0,0.001,Sell
1594342293.0843,9219.0,0.005,Sell
1594342293.0843,9219.0,0.002,Sell
1594342293.0843,9219.0,0.092,Sell
1594342293.1842,9219.0,0.1,Sell
1594342293.2841,9219.0,0.1,Sell
1594342293.3841,9219.0,0.1,Sell
1594342293.4841,9219.0,0.1,Sell
1594342293.5841,9219.0,0.1,Sell
1594342293.6842,9219.0,0.1,Sell
1594342293.7841,9219.0,0.1,Sell
1594342293.8842,9219.0,0.1,Sell
1594342293.9844,9219.0,0.1,Sell
1594342294.0844,9219.0,0.009,Sell
1594342294.0844,9219.0,0.002,Sell
1594342294.0844,9219.0,0.001,Sell
1594342294.0844,9219.0,0.054,Sell
1594342294.0844,9219.0,0.001,Sell
1594342295.0842,9218.5,0.006,Sell
1594342295.0842,9218.5,0.094,Sell
1594342295.1842,9218.5,0.1,Sell
1594342295.2842,9218.5,0.01,Sell
1594342295.5411,9218.5,0.009,Buy
1594342297.5489,9218.5,0.002,Buy
1594342299.0842,9218.0,0.097,Sell
1594342299.0842,9218.0,0.002,Sell
1594342299.0842,9218.0,0.001,Sell
1594342299.1841,9218.0,0.003,Sell
1594342299.1841,9218.0,0.097,Sell
1594342299.2849,9218.0,0.1,Sell
1594342299.3841,9218.0,0.1,Sell
1594342299.4841,9218.0,0.1,Sell
1594342299.5843,9218.0,0.1,Sell
1594342299.6251,9218.5,0.001,Buy
1594342299.6841,9218.0,0.1,Sell
1594342307.5549,9218.5,0.363,Buy
1594342318.5667,9218.5,0.01,Buy
1594342318.6336,9218.5,0.71,Buy
1594342321.3011,9218.0,0.001,Sell
1594342321.8767,9218.5,0.001,Buy
1594342326.3315,9218.5,0.001,Buy
1594342329.9085,9218.0,0.001,Sell
1594342330.5804,9218.5,0.944,Buy
1594342330.641,9213.5,0.981,Sell
1594342330.641,9215.0,4.16,Sell
1594342330.641,9215.0,0.67,Sell
1594342330.641,9215.0,4.65,Sell
1594342330.641,9215.0,0.002,Sell
1594342330.641,9215.0,3.26,Sell
1594342330.641,9214.5,0.67,Sell
1594342330.641,9214.5,0.95,Sell
1594342330.641,9215.0,0.001,Sell
1594342330.641,9214.0,1.0,Sell
1594342330.641,9214.0,0.001,Sell
1594342330.641,9214.0,0.005,Sell
1594342330.641,9214.0,2.37,Sell
1594342330.641,9214.0,3.98,Sell
1594342330.641,9214.0,0.002,Sell
1594342330.641,9214.0,4.16,Sell
1594342330.641,9213.5,0.95,Sell
1594342330.641,9215.0,0.002,Sell
1594342330.641,9216.5,4.0,Sell
1594342330.641,9215.5,5.3,Sell
1594342330.641,9218.0,0.001,Sell
1594342330.641,9217.5,0.01,Sell
1594342330.641,9217.0,0.002,Sell
1594342330.641,9217.0,0.001,Sell
1594342330.641,9217.0,0.011,Sell
1594342330.641,9217.0,0.002,Sell
1594342330.641,9217.0,0.001,Sell
1594342330.641,9217.0,0.032,Sell
1594342330.641,9217.0,0.002,Sell
1594342330.641,9216.0,0.001,Sell
1594342330.641,9216.0,0.001,Sell
1594342330.641,9216.0,0.001,Sell
1594342330.641,9216.0,0.002,Sell
1594342330.641,9216.0,0.001,Sell
1594342330.641,9216.0,0.002,Sell
1594342330.641,9216.0,4.0,Sell
1594342330.641,9215.5,0.95,Sell
1594342330.641,9215.5,7.86,Sell
1594342330.641,9217.0,0.001,Sell
1594342330.641,9216.0,0.005,Sell
1594342330.648,9213.5,0.68,Sell
1594342330.648,9213.5,1.69,Sell
1594342330.648,9213.5,0.978,Sell
1594342330.648,9213.5,1.43,Sell
1594342330.648,9213.0,0.034,Sell
1594342330.648,9213.0,0.001,Sell
1594342330.648,9213.0,0.058,Sell
1594342330.648,9213.5,2.229,Sell
1594342330.6487,9213.0,0.135,Sell
1594342352.9091,9215.0,0.054,Sell
1594342352.9091,9215.0,0.001,Sell
1594342352.9091,9215.0,0.005,Sell
1594342352.9091,9215.0,0.001,Sell
1594342352.9091,9215.0,0.015,Sell
1594342352.9091,9215.0,0.002,Sell
1594342352.9091,9215.0,0.054,Sell
1594342352.9091,9215.0,0.24,Sell
1594342352.9091,9215.0,4.8,Sell
1594342352.9091,9215.0,0.15,Sell
1594342352.9091,9215.0,0.053,Sell
1594342352.9091,9215.0,2.278,Sell
1594342352.9091,9215.0,1.836,Sell
1594342352.9091,9215.0,1.078,Sell
1594342352.9091,9215.0,0.3,Sell
1594342352.9091,9215.0,0.929,Sell
1594342352.9091,9214.5,4.0,Sell
1594342352.9091,9214.5,5.32,Sell
1594342352.9091,9214.5,4.73,Sell
1594342356.3925,9215.0,0.043,Sell
1594342366.0545,9213.5,5.071,Sell
1594342366.0545,9213.5,4.65,Sell
1594342366.0545,9213.5,0.95,Sell
1594342366.0545,9213.5,0.67,Sell
1594342366.0545,9214.0,7.42,Sell
1594342366.0545,9214.0,5.32,Sell
1594342366.0545,9214.0,0.001,Sell
1594342366.0545,9214.5,0.001,Sell
1594342366.0545,9214.0,0.002,Sell
1594342366.0545,9215.0,0.002,Sell
1594342366.0545,9215.0,2.278,Sell
1594342366.0545,9215.0,0.3,Sell
1594342366.0545,9215.0,1.0,Sell
1594342366.0545,9215.0,0.05,Sell
1594342366.0545,9215.0,2.235,Sell
1594342366.0545,9215.0,0.05,Sell
1594342376.6404,9214.0,0.15,Buy
1594342392.0027,9213.5,0.029,Sell
1594342398.135,9214.0,0.002,Buy
1594342408.993,9214.0,0.5,Buy
1594342416.8462,9214.0,0.002,Buy
1594342422.9173,9213.5,0.034,Sell
1594342441.2786,9214.0,0.001,Buy
1594342441.2875,9213.5,0.001,Sell
1594342445.0246,9213.5,0.108,Sell
1594342447.3187,9214.0,0.001,Buy
1594342449.3089,9213.5,0.001,Sell
1594342456.2602,9214.0,1.0,Buy
1594342471.3807,9213.5,0.008,Sell
1594342491.0607,9215.0,0.002,Buy
1594342491.0607,9216.0,0.002,Buy
1594342491.0607,9216.5,0.001,Buy
1594342491.0607,9215.0,0.018,Buy
1594342491.0607,9216.5,0.005,Buy
1594342491.0607,9215.0,0.005,Buy
1594342491.0607,9217.0,0.002,Buy
1594342491.0607,9215.5,0.001,Buy
1594342491.0607,9217.5,0.001,Buy
1594342491.0607,9217.5,0.005,Buy
1594342491.0607,9218.0,0.002,Buy
1594342491.0607,9218.5,0.001,Buy
1594342491.0607,9218.5,0.003,Buy
1594342491.0607,9215.5,0.001,Buy
1594342491.0607,9215.5,0.001,Buy
1594342491.8319,9218.5,0.002,Buy
1594342491.8319,9218.5,0.998,Buy
1594342496.662,9218.5,0.05,Buy
1594342496.7074,9218.0,0.002,Sell
1594342501.3021,9218.5,0.001,Buy
1594342501.7528,9218.0,0.019,Sell
1594342503.5138,9218.5,0.05,Buy
1594342509.3315,9218.0,0.001,Sell
1594342511.8355,9218.5,0.05,Buy
1594342513.7519,9218.5,0.05,Buy
1594342514.7644,9218.0,0.013,Sell
1594342515.093,9218.0,0.016,Sell
1594342515.7159,9218.0,0.001,Sell
1594342516.1858,9218.0,0.001,Sell
1594342518.4845,9218.5,0.001,Buy
1594342531.6046,9218.5,0.005,Sell
1594342531.6046,9218.5,0.008,Sell
1594342531.6046,9218.5,0.001,Sell
1594342532.1337,9218.0,0.001,Sell
1594342532.1337,9218.0,0.108,Sell
1594342532.1337,9218.0,0.001,Sell
1594342536.7273,9217.5,0.021,Buy
1594342537.7842,9217.5,0.581,Buy
1594342538.7879,9217.5,0.025,Buy
1594342551.801,9217.5,0.025,Buy
1594342555.8086,9217.5,0.025,Buy
1594342556.7359,9217.5,0.014,Buy
1594342561.9652,9217.0,0.001,Sell
1594342567.8161,9217.5,0.022,Buy
1594342570.9982,9217.5,0.001,Buy
1594342576.7444,9217.5,0.317,Buy
1594342580.8296,9217.5,0.884,Buy
1594342596.7532,9217.5,0.008,Buy
1594342596.8455,9217.5,0.004,Buy
1594342598.8531,9217.5,0.006,Buy
1594342610.8608,9217.5,0.016,Buy
1594342615.7618,9217.5,0.162,Buy
1594342621.3021,9217.5,0.001,Buy
1594342621.419,9217.0,0.001,Sell
1594342621.8403,9217.5,1.0,Buy
1594342624.8743,9217.5,0.019,Buy
1594342626.8821,9217.5,0.003,Buy
1594342629.4478,9217.5,0.001,Buy
1594342631.339,9217.0,0.001,Sell
1594342634.7703,9217.5,0.022,Buy
1594342637.89,9217.5,0.007,Buy
1594342649.9032,9217.5,0.01,Buy
1594342653.7791,9217.5,0.012,Buy
1594342662.9167,9217.5,0.302,Buy
1594342673.7876,9217.5,0.017,Buy
1594342674.4089,9217.0,0.03,Sell
1594342676.9304,9217.5,0.019,Buy
1594342682.145,9217.0,0.001,Sell
1594342687.7601,9217.0,0.001,Sell
1594342689.9442,9217.5,0.597,Buy
1594342691.5413,9217.0,0.03,Sell
1594342693.796,9217.5,0.172,Buy
1594342694.1738,9217.5,0.001,Buy
1594342704.9603,9217.5,0.019,Buy
1594342713.8046,9217.5,0.004,Buy
1594342717.591,9217.5,0.002,Buy
1594342718.9739,9217.5,0.156,Buy
1594342720.9816,9217.5,0.107,Buy
1594342731.989,9217.5,0.369,Buy
1594342734.8131,9217.5,0.513,Buy
1594342741.2807,9217.5,0.002,Buy
1594342744.0021,9217.5,0.009,Buy
1594342744.8738,9217.0,0.001,Sell
1594342755.8226,9217.5,0.115,Buy
1594342755.8226,9217.5,0.656,Buy
1594342756.0161,9217.5,0.027,Buy
1594342768.0298,9217.5,0.025,Buy
1594342770.0378,9217.5,0.028,Buy
1594342776.8312,9217.5,0.016,Buy
1594342781.0459,9217.5,0.96,Buy
1594342793.0596,9217.5,0.67,Buy
1594342797.8401,9217.5,0.002,Buy
1594342801.3112,9217.5,0.002,Buy
1594342801.4508,9217.5,0.001,Buy
1594342805.0735,9217.5,0.017,Buy
1594342808.0637,9217.5,0.002,Buy
1594342808.4886,9217.0,0.001,Sell
1594342814.4198,9217.5,0.001,Buy
1594342817.0874,9217.5,0.011,Buy
1594342818.8487,9217.5,0.007,Buy
1594342840.8081,9217.5,0.086,Buy
1594342861.2732,9217.0,0.001,Sell
1594342861.371,9217.0,0.001,Sell
1594342869.3041,9217.5,0.001,Buy
1594342870.3998,9217.5,0.001,Buy
1594342899.5943,9217.0,0.008,Sell
1594342907.5062,9217.0,0.012,Sell
1594342907.5062,9217.0,0.038,Sell
1594342909.5348,9215.0,1.352,Sell
1594342909.5348,9215.0,0.95,Sell
1594342909.5348,9215.0,0.67,Sell
1594342909.5348,9215.0,0.001,Sell
1594342909.5348,9216.0,0.002,Sell
1594342909.5348,9216.5,0.001,Sell
1594342909.5348,9217.0,0.002,Sell
1594342909.5348,9217.0,0.003,Sell
1594342909.5348,9217.0,0.002,Sell
1594342909.5348,9217.0,0.016,Sell
1594342909.5348,9216.0,0.001,Sell
1594342921.4537,9215.0,0.001,Sell
1594342933.482,9215.5,0.001,Buy
1594342981.8407,9215.5,0.001,Buy
1594342991.8717,9215.0,0.001,Sell
1594343025.3615,9215.5,0.001,Buy
1594343025.3615,9215.5,0.003,Buy
1594343025.3615,9215.5,0.002,Buy
1594343030.3842,9216.5,0.001,Buy
1594343030.4845,9217.0,0.002,Buy
1594343030.5843,9217.5,0.001,Buy
1594343030.6842,9218.0,0.05,Buy
1594343030.6842,9218.0,0.002,Buy
1594343030.7842,9218.5,0.001,Buy
1594343031.4843,9219.0,0.002,Buy
1594343031.4843,9219.0,0.015,Buy
1594343031.4843,9219.0,0.005,Buy
1594343031.4843,9219.0,0.001,Buy
1594343031.5842,9219.5,0.001,Buy
1594343034.3078,9219.5,0.613,Sell
1594343036.3155,9219.5,0.96,Sell
1594343036.584,9220.0,0.1,Buy
1594343036.6856,9220.0,0.1,Buy
1594343036.7842,9220.0,0.1,Buy
1594343036.8842,9220.0,0.1,Buy
1594343036.9842,9220.0,0.1,Buy
1594343037.0842,9220.0,0.1,Buy
1594343037.1841,9220.0,0.1,Buy
1594343037.2842,9220.0,0.1,Buy
1594343037.3841,9220.0,0.1,Buy
1594343037.4841,9220.0,0.1,Buy
1594343037.5845,9220.0,0.056,Buy
1594343037.5845,9220.0,0.005,Buy
1594343037.5845,9220.0,0.005,Buy
1594343037.5845,9220.0,0.001,Buy
1594343037.5845,9220.0,0.001,Buy
1594343037.5845,9220.0,0.002,Buy
1594343037.5845,9220.0,0.001,Buy
1594343037.5845,9220.0,0.015,Buy
1594343037.5845,9220.0,0.002,Buy
1594343037.5845,9220.0,0.003,Buy
1594343037.5845,9220.0,0.009,Buy
1594343037.6842,9220.0,0.1,Buy
1594343037.7843,9220.0,0.1,Buy
1594343037.8842,9220.0,0.1,Buy
1594343037.9401,9219.5,0.003,Sell
1594343041.5361,9219.5,0.001,Sell
1594343041.64,9219.5,0.001,Sell
1594343046.566,9220.0,0.001,Buy
1594343047.6745,9220.5,0.001,Buy
1594343083.8468,9220.5,0.119,Buy
1594343161.309,9220.5,0.001,Buy
1594343169.3384,9220.0,0.001,Sell
1594343221.3646,9220.5,0.001,Buy
1594343221.5197,9220.5,0.001,Buy
1594343229.3952,9220.0,0.001,Sell
1594343229.5498,9220.0,0.001,Sell
1594343270.1167,9220.0,0.26,Sell
1594343270.1167,9220.0,0.001,Sell
1594343270.1167,9220.0,0.001,Sell
1594343270.1167,9220.0,0.038,Sell
1594343341.4613,9220.0,0.001,Sell
1594343344.5945,9220.0,0.005,Sell
1594343344.5945,9220.0,0.061,Sell
1594343344.5945,9220.0,0.001,Sell
1594343344.5945,9220.0,0.003,Sell
1594343344.5945,9220.0,0.002,Sell
1594343348.1602,9219.0,0.25,Sell
1594343348.1602,9219.0,0.002,Sell
1594343348.1602,9219.0,0.001,Sell
1594343348.1602,9219.0,0.009,Sell
1594343348.5765,9218.0,0.001,Sell
1594343348.5765,9218.0,0.005,Sell
1594343348.5765,9218.0,0.001,Sell
1594343348.5765,9218.0,0.002,Sell
1594343348.5765,9217.0,0.001,Sell
1594343348.5765,9217.0,0.014,Sell
1594343348.5765,9217.0,0.002,Sell
1594343348.6326,9217.0,0.498,Sell
1594343349.4908,9217.5,0.001,Buy
1594343389.2456,9217.0,0.1,Sell
1594343390.9647,9217.0,0.7,Sell
1594343400.2177,9217.0,0.001,Sell
1594343400.2177,9217.0,0.001,Sell
1594343400.2177,9217.0,0.001,Sell
1594343400.2177,9217.0,0.001,Sell
1594343400.2177,9217.0,0.005,Sell
1594343400.2177,9217.0,0.002,Sell
1594343400.2177,9217.0,0.015,Sell
1594343400.2842,9216.0,0.002,Sell
1594343400.2842,9216.0,0.001,Sell
1594343401.0993,9215.5,0.02,Buy
1594343401.2842,9215.0,0.005,Sell
1594343401.2842,9215.0,0.001,Sell
1594343401.2842,9215.0,0.005,Sell
1594343401.2842,9215.0,0.002,Sell
1594343401.2842,9215.0,0.001,Sell
1594343401.2842,9215.0,0.015,Sell
1594343401.2842,9215.0,0.001,Sell
1594343401.2842,9215.0,0.005,Sell
1594343401.2842,9215.0,0.001,Sell
1594343401.2842,9215.0,0.001,Sell
1594343401.2842,9215.0,0.015,Sell
1594343401.2842,9215.0,0.001,Sell
1594343402.5227,9214.0,0.001,Sell
1594343402.5282,9213.0,0.16,Sell
1594343402.5282,9214.0,0.002,Sell
1594343402.5282,9213.0,0.001,Sell
1594343402.5282,9213.0,0.1,Sell
1594343402.5282,9214.0,0.032,Sell
1594343402.5282,9214.0,0.002,Sell
1594343402.5282,9214.0,0.003,Sell
1594343403.082,9213.5,0.001,Buy
1594343410.1186,9213.0,0.001,Sell
1594343414.5749,9213.5,0.001,Buy
1594343426.8384,9213.0,0.1,Sell
1594343521.3569,9213.5,0.001,Buy
1594343522.3559,9213.0,0.001,Sell
1594343522.376,9213.0,0.001,Sell
1594343526.804,9213.5,0.003,Buy
1594343527.4059,9214.0,0.001,Buy
1594343527.6777,9214.0,0.002,Buy
1594343531.388,9214.5,0.001,Buy
1594343531.3954,9214.0,0.001,Sell
1594343641.5704,9215.5,0.001,Buy
1594343643.3324,9215.0,0.001,Sell
1594343643.8356,9215.5,0.01,Sell
1594343649.3629,9216.5,0.001,Buy
1594343649.6063,9216.0,0.001,Sell
1594343702.3631,9216.0,0.3,Sell
1594343703.0792,9216.5,0.001,Buy
1594343711.1228,9216.0,0.001,Sell
1594343735.9962,9216.0,0.2,Sell
1594343761.6302,9216.5,0.001,Buy
1594343769.6647,9216.0,0.001,Sell
1594343822.1379,9216.0,0.001,Sell
1594343830.1835,9216.5,0.001,Buy
1594343881.2476,9216.0,0.001,Sell
1594343893.2772,9216.5,0.001,Buy
1594343920.3927,9216.5,1.0,Buy
1594343922.7599,9216.5,0.468,Buy
1594343966.4571,9216.5,0.093,Buy
1594343993.031,9216.0,0.04,Sell
1594344001.4884,9216.0,0.001,Sell
1594344001.9034,9216.5,0.001,Buy
1594344006.5186,9216.5,0.001,Buy
1594344008.9338,9216.0,0.001,Sell
1594344058.2978,9216.0,0.1,Sell
1594344061.7359,9216.5,0.001,Buy
1594344071.7685,9216.0,0.001,Sell
1594344123.4443,9216.5,0.001,Buy
1594344131.482,9216.0,0.001,Sell
1594344181.317,9216.5,0.001,Buy
1594344181.4479,9216.0,0.001,Sell
1594344189.3481,9216.0,0.001,Sell
1594344190.4787,9216.5,0.001,Buy
1594344217.9933,9216.0,0.277,Sell
1594344224.657,9216.5,0.424,Buy
1594344228.5341,9215.0,0.001,Sell
1594344228.5341,9216.0,0.001,Sell
1594344228.5341,9216.0,0.002,Sell
1594344228.5341,9216.0,0.001,Sell
1594344228.5341,9216.0,0.001,Sell
1594344228.5341,9215.0,0.292,Sell
1594344228.5341,9215.0,0.002,Sell
1594344241.4569,9215.0,0.001,Sell
1594344247.4911,9215.5,0.001,Buy
1594344250.594,9215.0,0.025,Sell
1594344302.1549,9215.5,0.001,Buy
1594344302.3809,9215.0,0.001,Sell
1594344310.188,9215.0,0.001,Sell
1594344310.4124,9215.5,0.001,Buy
1594344362.5328,9215.0,0.001,Sell
1594344369.7843,9215.5,0.1,Buy
1594344369.8841,9215.5,0.778,Buy
1594344369.9842,9215.5,0.121,Buy
1594344369.9842,9215.5,0.266,Buy
1594344370.0842,9215.5,0.1,Buy
1594344370.1851,9215.5,0.1,Buy
1594344370.2841,9215.5,0.1,Buy
1594344370.3841,9215.5,0.1,Buy
1594344370.4842,9215.5,0.1,Buy
1594344370.5841,9215.5,0.1,Buy
1594344370.6841,9215.5,0.1,Buy
1594344370.7841,9215.5,0.1,Buy
1594344370.8841,9215.5,0.1,Buy
1594344370.9843,9215.5,0.1,Buy
1594344371.0842,9215.5,0.046,Buy
1594344371.0842,9215.5,0.054,Buy
1594344371.1841,9215.5,0.1,Buy
1594344371.2843,9215.5,0.1,Buy
1594344371.3842,9215.5,0.1,Buy
1594344371.4841,9215.5,0.1,Buy
1594344371.5842,9215.5,0.1,Buy
1594344371.6846,9215.5,0.1,Buy
1594344371.7841,9215.5,0.088,Buy
1594344371.7841,9215.5,0.012,Buy
1594344371.8841,9215.5,0.1,Buy
1594344371.9841,9215.5,0.1,Buy
1594344372.0842,9215.5,0.041,Buy
1594344372.0842,9215.5,0.059,Buy
1594344372.1843,9215.5,0.1,Buy
1594344372.2842,9215.5,0.005,Buy
1594344372.2842,9215.5,0.081,Buy
1594344372.2842,9215.5,0.014,Buy
1594344372.3842,9215.5,0.036,Buy
1594344372.3842,9215.5,0.002,Buy
1594344372.3842,9215.5,0.027,Buy
1594344372.3842,9215.5,0.01,Buy
1594344372.3842,9215.5,0.02,Buy
1594344372.3842,9215.5,0.005,Buy
1594344372.484,9215.5,0.1,Buy
1594344372.5842,9215.5,0.076,Buy
1594344372.6848,9216.0,0.002,Buy
1594344372.7841,9216.5,0.001,Buy
1594344372.8841,9217.0,0.002,Buy
1594344372.9843,9217.5,0.001,Buy
1594344372.9843,9217.5,0.005,Buy
1594344373.0845,9218.0,0.002,Buy
1594344373.1843,9218.5,0.001,Buy
1594344373.2841,9219.0,0.002,Buy
1594344373.3846,9219.5,0.062,Buy
1594344373.3846,9219.5,0.032,Buy
1594344373.3846,9219.5,0.001,Buy
1594344373.3846,9219.5,0.005,Buy
1594344373.4841,9219.5,0.3,Buy
1594344373.4841,9219.5,0.2,Buy
1594344373.5841,9219.5,0.1,Buy
1594344373.6841,9219.5,0.5,Buy
1594344374.5657,9219.5,0.001,Buy
1594344376.1858,9219.0,0.024,Sell
1594344378.7056,9219.5,0.015,Buy
1594344378.7056,9219.5,0.015,Buy
1594344378.7056,9219.5,0.001,Buy
1594344378.7056,9219.5,0.001,Buy
1594344378.7056,9219.5,0.001,Buy
1594344378.7056,9219.5,0.001,Buy
1594344378.7056,9219.5,0.005,Buy
1594344378.7056,9219.5,0.008,Buy
1594344378.7056,9219.5,0.004,Buy
1594344378.7056,9219.5,0.001,Buy
1594344379.6305,9220.0,0.1,Buy
1594344379.6305,9220.0,0.5,Buy
1594344379.6361,9220.0,1.14,Sell
1594344381.3631,9220.5,0.001,Buy
1594344381.3631,9220.5,0.065,Buy
1594344381.3631,9220.5,0.005,Buy
1594344482.3528,9220.5,0.001,Sell
1594344487.3846,9221.0,0.001,Buy
1594344578.5134,9220.5,0.006,Sell
1594344580.4015,9220.5,0.5,Sell
1594344589.9866,9220.5,0.5,Sell
1594344601.6068,9221.0,0.001,Buy
1594344602.8953,9221.0,0.001,Buy
1594344602.9739,9221.0,0.001,Buy
1594344609.6384,9220.5,0.001,Sell
1594344609.9383,9220.5,0.001,Sell
1594344613.0159,9220.5,0.001,Sell
1594344629.0871,9221.0,0.038,Buy
1594344629.0871,9221.0,0.001,Buy
1594344629.0871,9221.0,0.054,Buy
1594344629.0871,9221.0,0.001,Buy
1594344629.0871,9221.0,0.002,Buy
1594344629.0871,9221.0,0.054,Buy
1594344629.0871,9221.0,0.001,Buy
1594344645.2167,9221.0,0.003,Buy
1594344662.1183,9221.0,0.001,Buy
1594344670.1506,9220.5,0.001,Sell
1594344775.9367,9220.5,0.001,Sell
1594344775.9367,9220.5,4.999,Sell
1594344780.0503,9220.5,0.003,Sell
1594344781.3992,9220.5,0.001,Sell
1594344789.4363,9221.0,0.001,Buy
1594344792.7007,9220.5,0.007,Sell
1594344795.0671,9220.5,0.29,Sell
1594344795.0671,9220.5,0.416,Sell
1594344796.1858,9220.5,0.023,Sell
1594344810.0828,9220.5,0.027,Sell
1594344811.7094,9220.5,0.024,Sell
1594344826.186,9220.5,0.018,Sell
1594344827.0978,9220.5,0.02,Sell
1594344832.718,9220.5,0.337,Sell
1594344841.4576,9220.5,0.001,Sell
1594344841.7994,9221.0,0.001,Buy
1594344842.1114,9220.5,0.31,Sell
1594344842.6551,9220.5,0.001,Sell
1594344843.0931,9220.5,0.001,Sell
1594344843.5891,9221.0,0.003,Buy
1594344843.5891,9221.0,0.197,Buy
1594344848.6867,9221.0,0.001,Buy
1594344849.8292,9220.5,0.001,Sell
1594344851.7269,9220.5,0.023,Sell
1594344852.1261,9221.0,0.001,Buy
1594344853.4889,9221.0,0.001,Buy
1594344855.1192,9220.5,0.01,Sell
1594344856.1859,9220.5,0.006,Sell
1594344859.1269,9220.5,0.017,Sell
1594344870.7353,9220.5,0.014,Sell
1594344874.1408,9220.5,0.304,Sell
1594344886.1859,9220.5,0.575,Sell
1594344888.1544,9220.5,0.981,Sell
1594344891.7438,9220.5,0.008,Sell
1594344899.1624,9220.5,0.448,Sell
1594344903.17,9220.5,0.019,Sell
1594344910.7529,9220.5,0.02,Sell
1594344917.1844,9220.5,0.025,Sell
1594344929.1973,9220.5,0.012,Sell
1594344931.7617,9220.5,0.027,Sell
1594344942.2105,9220.5,0.017,Sell
1594344946.3842,9221.0,0.002,Buy
1594344946.3842,9221.0,0.001,Buy
1594344946.3842,9221.0,0.003,Buy
1594344946.3842,9221.0,0.001,Buy
1594344946.4842,9221.5,0.001,Buy
1594344947.2842,9222.0,0.001,Buy
1594344947.2842,9222.0,0.002,Buy
1594344947.2842,9222.0,0.001,Buy
1594344947.2842,9222.0,0.054,Buy
1594344947.2842,9222.0,0.001,Buy
1594344947.2842,9222.0,0.002,Buy
1594344947.3842,9222.5,0.001,Buy
1594344947.4842,9223.0,0.001,Buy
1594344947.4842,9223.0,0.001,Buy
1594344947.4842,9223.0,0.097,Buy
1594344947.4842,9223.0,0.001,Buy
1594344947.5841,9223.0,0.003,Buy
1594344947.5841,9223.0,0.005,Buy
1594344947.5841,9223.0,0.002,Buy
1594344947.5841,9223.0,0.003,Buy
1594344947.6842,9223.5,0.001,Buy
1594344947.7842,9224.0,0.058,Buy
1594344947.7842,9224.0,0.002,Buy
1594344947.7842,9224.0,0.038,Buy
1594344947.7842,9224.0,0.001,Buy
1594344947.7842,9224.0,0.001,Buy
1594344947.8843,9224.0,0.1,Buy
1594344950.7708,9223.5,0.024,Sell
1594344959.2263,9223.5,0.017,Sell
1594344961.3971,9223.5,0.001,Sell
1594344966.4299,9224.0,0.001,Buy
1594344969.7793,9223.5,0.001,Sell
1594344973.2397,9223.5,0.088,Sell
1594344986.2549,9223.5,0.012,Sell
1594344988.7877,9223.5,0.003,Sell
1594344999.2684,9223.5,0.017,Sell
1594345007.7962,9223.5,0.024,Sell
1594345016.2834,9223.5,0.024,Sell
1594345026.805,9223.5,0.019,Sell
1594345031.297,9223.5,0.879,Sell
1594345046.3107,9223.5,0.02,Sell
1594345047.8136,9223.5,0.014,Sell
1594345060.3244,9223.5,0.029,Sell
1594345068.822,9223.5,0.159,Sell
1594345073.3428,9223.5,0.001,Sell
1594345081.369,9224.0,0.001,Buy
1594345085.3561,9223.5,0.499,Sell
1594345087.8307,9223.5,0.803,Sell
1594345089.399,9223.5,0.001,Sell
1594345097.3699,9223.5,0.752,Sell
1594345108.3778,9223.5,0.007,Sell
1594345108.8394,9223.5,0.684,Sell
1594345110.3852,9223.5,0.118,Sell
1594345123.3983,9223.5,0.092,Sell
1594345127.848,9223.5,0.979,Sell
1594345137.4114,9223.5,0.033,Sell
1594345137.4114,9223.5,0.845,Sell
1594345141.5244,9224.0,0.001,Buy
1594345142.3586,9224.0,0.001,Buy
1594345148.8565,9223.5,0.718,Sell
1594345149.5559,9223.5,0.001,Sell
1594345150.4247,9223.5,0.004,Sell
1594345152.398,9223.5,0.001,Sell
1594345155.0842,9224.0,0.1,Buy
1594345155.1842,9224.0,0.1,Buy
1594345155.2841,9224.0,0.1,Buy
1594345155.3841,9224.0,0.1,Buy
1594345155.4842,9224.0,0.1,Buy
1594345155.5842,9224.0,0.1,Buy
1594345155.6842,9224.0,0.1,Buy
1594345155.7841,9224.0,0.1,Buy
1594345155.8842,9224.0,0.038,Buy
1594345155.8842,9224.0,0.062,Buy
1594345155.9842,9224.0,0.038,Buy
1594345155.9842,9224.0,0.054,Buy
1594345155.9842,9224.0,0.007,Buy
1594345155.9842,9224.0,0.001,Buy
1594345156.0841,9224.0,0.1,Buy
1594345156.1842,9224.0,0.1,Buy
1594345156.2841,9224.0,0.1,Buy
1594345156.3841,9224.0,0.1,Buy
1594345156.4842,9224.0,0.1,Buy
1594345156.5847,9224.0,0.1,Buy
1594345156.6842,9224.0,0.1,Buy
1594345156.7842,9224.0,0.1,Buy
1594345156.8842,9224.0,0.1,Buy
1594345156.9842,9224.0,0.1,Buy
1594345157.0841,9224.0,0.1,Buy
1594345157.1841,9224.0,0.1,Buy
1594345157.2841,9224.0,0.1,Buy
1594345157.3842,9224.0,0.1,Buy
1594345157.4841,9224.0,0.1,Buy
1594345157.5841,9224.0,0.1,Buy
1594345157.6843,9224.0,0.1,Buy
1594345157.7845,9224.0,0.1,Buy
1594345157.8847,9224.0,0.1,Buy
1594345157.9842,9224.0,0.1,Buy
1594345158.0841,9224.0,0.1,Buy
1594345158.1842,9224.0,0.021,Buy
1594345158.1842,9224.0,0.079,Buy
1594345158.2843,9224.0,0.029,Buy
1594345158.2843,9224.0,0.069,Buy
1594345158.2843,9224.0,0.002,Buy
1594345158.3842,9224.0,0.003,Buy
1594345158.3842,9224.0,0.001,Buy
1594345158.3842,9224.0,0.002,Buy
1594345158.3842,9224.0,0.001,Buy
1594345158.3842,9224.0,0.054,Buy
1594345158.3842,9224.0,0.039,Buy
1594345165.438,9223.5,0.001,Sell
1594345167.8655,9223.5,0.467,Sell
1594345180.4513,9223.5,0.035,Sell
1594345186.874,9223.5,0.009,Sell
1594345195.4648,9223.5,0.021,Sell
1594345201.9942,9224.0,0.001,Buy
1594345205.883,9223.5,0.021,Sell
1594345209.0259,9223.5,0.001,Sell
1594345209.4782,9223.5,0.006,Sell
1594345218.3842,9224.0,0.1,Buy
1594345218.4842,9224.0,0.002,Buy
1594345218.4842,9224.0,0.008,Buy
1594345218.7842,9224.5,0.098,Buy
1594345218.7842,9224.5,0.001,Buy
1594345218.7842,9224.5,0.001,Buy
1594345218.8843,9224.5,0.052,Buy
1594345218.8843,9224.5,0.001,Buy
1594345218.9842,9225.0,0.034,Buy
1594345218.9842,9225.0,0.001,Buy
1594345218.9842,9225.0,0.002,Buy
1594345218.9842,9225.0,0.063,Buy
1594345219.0842,9225.0,0.087,Buy
1594345219.0842,9225.0,0.013,Buy
1594345222.4912,9224.5,0.21,Sell
1594345224.8915,9224.5,0.009,Sell
1594345236.5044,9224.5,0.006,Sell
1594345243.8999,9224.5,0.101,Sell
1594345249.5176,9224.5,0.027,Sell
1594345254.6996,9225.0,0.001,Buy
1594345261.3369,9224.5,0.001,Sell
1594345264.5311,9224.5,0.015,Sell
1594345264.9084,9224.5,0.006,Sell
1594345269.3665,9225.0,0.001,Buy
1594345271.0278,9225.0,0.137,Buy
1594345273.8842,9225.5,0.005,Buy
1594345273.8842,9225.5,0.005,Buy
1594345273.8842,9225.5,0.001,Buy
1594345273.8842,9225.5,0.001,Buy
1594345277.8055,9231.0,0.001,Buy
1594345277.8055,9231.0,0.1,Buy
1594345277.8055,9231.0,0.013,Buy
1594345277.8055,9231.0,0.5,Buy
1594345277.8055,9231.5,0.001,Buy
1594345277.8055,9232.0,0.001,Buy
1594345277.8055,9232.0,0.2,Buy
1594345277.8055,9232.0,0.04,Buy
1594345277.8055,9230.5,0.001,Buy
1594345277.8055,9230.5,0.052,Buy
1594345277.8055,9230.0,0.002,Buy
1594345277.8055,9230.0,0.005,Buy
1594345277.8055,9230.0,0.1,Buy
1594345277.8055,9230.0,0.05,Buy
1594345277.8055,9230.0,0.001,Buy
1594345277.8055,9230.0,0.001,Buy
1594345277.8055,9230.0,0.001,Buy
1594345277.8055,9230.0,0.04,Buy
1594345277.8055,9230.0,0.001,Buy
1594345277.8055,9230.0,0.001,Buy
1594345277.8055,9229.5,0.001,Buy
1594345277.8055,9229.0,0.002,Buy
1594345277.8055,9229.0,0.001,Buy
1594345277.8055,9229.0,0.001,Buy
1594345277.8055,9228.5,0.001,Buy
1594345277.8055,9228.0,0.002,Buy
1594345277.8055,9228.0,0.005,Buy
1594345277.8055,9226.0,0.04,Buy
1594345277.8055,9226.0,0.006,Buy
1594345277.8055,9226.0,0.002,Buy
1594345277.8055,9226.0,0.005,Buy
1594345277.8055,9226.0,0.002,Buy
1594345277.8055,9226.0,0.009,Buy
1594345277.8055,9230.5,0.114,Buy
1594345277.8055,9226.5,0.001,Buy
1594345277.8055,9227.0,0.011,Buy
1594345277.8055,9227.0,0.002,Buy
1594345277.8055,9227.5,0.001,Buy
1594345277.8055,9228.0,0.001,Buy
1594345277.8055,9228.0,0.04,Buy
1594345277.8055,9228.0,0.032,Buy
1594345277.8055,9227.0,0.001,Buy
1594345277.8055,9226.0,0.001,Buy
1594345277.8055,9232.0,0.005,Buy
1594345277.8055,9232.0,0.5,Buy
1594345277.8055,9232.0,0.001,Buy
1594345277.8055,9232.0,0.048,Buy
1594345277.8055,9232.0,0.054,Buy
1594345279.5423,9232.0,0.014,Buy
1594345283.5497,9232.0,0.028,Buy
1594345284.9197,9232.0,0.026,Buy
1594345287.7812,9231.5,2.278,Sell
1594345288.1736,9231.0,0.001,Sell
1594345299.9746,9230.0,0.001,Sell
1594345299.9746,9230.0,0.002,Sell
1594345302.9255,9229.5,0.006,Sell
1594345313.5742,9229.5,0.174,Sell
1594345322.0932,9229.5,0.001,Sell
1594345323.9343,9229.5,0.274,Sell
1594345327.5873,9229.5,0.408,Sell
1594345334.1313,9230.0,0.001,Buy
1594345340.6005,9229.5,0.977,Sell
1594345341.3838,9229.0,0.002,Sell
1594345341.3838,9229.0,0.001,Sell
1594345341.3838,9229.0,0.001,Sell
1594345341.8245,9228.0,0.001,Sell
1594345341.8245,9228.0,0.001,Sell
1594345341.8245,9228.0,0.005,Sell
1594345341.8245,9228.0,0.002,Sell
1594345347.5005,9227.0,0.001,Sell
1594345347.5005,9227.0,0.001,Sell
1594345347.5005,9227.0,0.002,Sell
1594345347.5005,9227.0,0.196,Sell
1594345381.7395,9227.5,0.001,Buy
1594345389.7736,9227.0,0.001,Sell
1594345443.3788,9227.0,0.001,Sell
1594345443.5357,9227.0,0.001,Sell
1594345448.5654,9227.5,0.001,Buy
1594345449.4144,9227.5,0.001,Buy
1594345474.8836,9227.0,0.461,Sell
1594345474.8836,9227.0,0.3,Sell
1594345474.8836,9227.0,0.001,Sell
1594345474.8836,9227.0,0.04,Sell
1594345484.7477,9226.5,0.023,Buy
1594345486.1858,9226.5,0.021,Buy
1594345486.7552,9226.5,0.472,Buy
1594345489.7183,9226.0,0.001,Sell
1594345489.7183,9225.0,0.005,Sell
1594345489.7183,9225.0,0.001,Sell
1594345489.7183,9224.5,0.142,Sell
1594345489.7183,9226.0,0.001,Sell
1594345489.7183,9226.0,0.108,Sell
1594345489.7183,9226.0,0.001,Sell
1594345489.7183,9225.0,0.001,Sell
1594345489.7183,9225.0,0.04,Sell
1594345498.7649,9224.5,0.682,Sell
1594345501.8286,9224.5,0.001,Sell
1594345509.0113,9224.5,0.161,Sell
1594345510.8691,9225.0,0.001,Buy
1594345513.7788,9224.5,0.022,Sell
1594345528.7921,9224.5,0.028,Sell
1594345530.02,9224.5,0.02,Sell
1594345540.8037,9224.5,0.019,Sell
1594345549.0306,9224.5,0.015,Sell
1594345552.817,9224.5,0.018,Sell
1594345561.9745,9225.0,0.001,Buy
1594345563.8288,9224.5,0.004,Sell
1594345570.0078,9224.5,0.001,Sell
1594345570.0392,9224.5,0.02,Sell
1594345575.8426,9224.5,0.002,Sell
1594345587.8543,9224.5,0.885,Sell
1594345589.048,9224.5,0.347,Sell
1594345602.8684,9224.5,0.009,Sell
1594345610.0565,9224.5,0.012,Sell
1594345615.88,9224.5,0.671,Sell
1594345621.6746,9225.0,0.001,Buy
1594345627.8918,9224.5,0.869,Sell
1594345629.705,9224.5,0.001,Sell
1594345631.0657,9224.5,0.549,Sell
1594345638.9041,9224.5,0.167,Sell
1594345639.9079,9224.5,0.435,Sell
1594345649.9119,9224.5,0.22,Sell
1594345649.9119,9224.5,0.227,Sell
1594345650.0743,9224.5,0.62,Sell
1594345653.9194,9224.5,0.148,Sell
1594345668.9329,9224.5,0.695,Sell
1594345671.0831,9224.5,0.011,Sell
1594345681.9409,9224.5,0.013,Sell
1594345681.9745,9225.0,0.001,Buy
1594345692.0059,9224.5,0.001,Sell
1594345709.0237,9224.5,0.4,Sell
1594345741.3651,9224.5,0.001,Sell
1594345749.402,9225.0,0.001,Buy
1594345801.594,9225.0,0.001,Buy
1594345801.7993,9224.5,0.001,Sell
1594345808.6266,9224.5,0.001,Sell
1594345813.8322,9225.0,0.001,Buy
1594345830.7843,9224.5,0.303,Sell
1594345921.886,9224.5,0.001,Sell
1594345921.9649,9225.0,0.001,Buy
1594345926.9168,9225.0,0.001,Buy
1594345929.9998,9224.5,0.001,Sell
1594346041.2205,9225.0,0.001,Buy
1594346042.2665,9224.5,0.001,Sell
1594346048.3023,9225.0,0.001,Buy
1594346049.257,9224.5,0.001,Sell
1594346101.8119,9225.0,0.001,Buy
1594346109.8528,9224.5,0.001,Sell
1594346146.3818,9224.5,0.072,Sell
1594346146.3818,9224.5,0.178,Sell
1594346162.1302,9224.5,0.001,Sell
1594346170.1531,9224.0,0.001,Sell
1594346170.1531,9224.0,0.001,Sell
1594346170.1531,9224.0,0.001,Sell
1594346170.1531,9224.0,0.001,Sell
1594346170.1531,9224.0,0.002,Sell
1594346170.1531,9223.5,0.095,Sell
1594346170.1531,9224.5,0.099,Sell
1594346171.1608,9224.0,0.001,Buy
1594346186.7515,9223.5,0.2,Sell
1594346211.8861,9223.5,0.1,Sell
1594346211.8861,9223.5,0.45,Sell
1594346221.357,9224.0,0.001,Buy
1594346222.5935,9223.5,0.001,Sell
1594346230.6253,9224.0,0.001,Buy
1594346231.3869,9223.5,0.001,Sell
1594346232.4191,9223.5,0.02,Sell
1594346281.401,9223.5,0.001,Sell
1594346293.4321,9224.0,0.001,Buy
1594346384.6119,9223.5,0.001,Sell
1594346384.6119,9223.5,0.078,Sell
1594346401.8633,9224.0,0.001,Buy
1594346408.9037,9223.5,0.001,Sell
1594346444.1842,9224.0,0.001,Buy
1594346444.1842,9224.0,0.002,Buy
1594346444.1842,9224.0,0.001,Buy
1594346444.2843,9224.5,0.001,Buy
1594346444.3842,9225.0,0.003,Buy
1594346444.3842,9225.0,0.025,Buy
1594346444.3842,9225.0,0.001,Buy
1594346444.3842,9225.0,0.002,Buy
1594346444.4841,9225.5,0.099,Buy
1594346444.4841,9225.5,0.001,Buy
1594346444.5842,9225.5,0.1,Buy
1594346445.1843,9226.0,0.001,Buy
1594346445.1843,9226.0,0.002,Buy
1594346445.1843,9226.0,0.005,Buy
1594346445.1843,9226.0,0.092,Buy
1594346445.2841,9226.0,0.1,Buy
1594346445.3842,9226.0,0.1,Buy
1594346445.484,9226.0,0.1,Buy
1594346445.5842,9226.0,0.1,Buy
1594346445.6842,9226.0,0.1,Buy
1594346445.7841,9226.0,0.1,Buy
1594346445.8841,9226.0,0.1,Buy
1594346445.9842,9226.0,0.1,Buy
1594346446.0842,9226.0,0.1,Buy
1594346446.1842,9226.0,0.1,Buy
1594346446.2843,9226.0,0.1,Buy
1594346446.3842,9226.0,0.1,Buy
1594346446.4841,9226.0,0.1,Buy
1594346446.5842,9226.0,0.1,Buy
1594346446.6842,9226.0,0.1,Buy
1594346446.7842,9226.0,0.1,Buy
1594346446.8841,9226.0,0.1,Buy
1594346446.9842,9226.0,0.1,Buy
1594346448.2198,9226.5,0.001,Buy
1594346448.2198,9226.0,0.002,Buy
1594346448.2198,9226.0,0.382,Buy
1594346448.2198,9227.0,0.001,Buy
1594346448.2198,9227.0,0.002,Buy
1594346448.2198,9227.5,1.611,Buy
1594346448.2198,9227.5,0.001,Buy
1594346462.0753,9227.0,0.001,Sell
1594346462.6936,9227.0,0.001,Sell
1594346470.1114,9227.5,0.001,Buy
1594346471.7301,9227.5,0.001,Buy
1594346498.9767,9227.5,0.05,Buy
1594346521.3387,9227.0,0.001,Sell
1594346533.4199,9227.5,0.001,Buy
1594346581.9631,9227.5,0.001,Buy
1594346591.9963,9227.0,0.001,Sell
1594346639.2713,9227.0,0.285,Sell
1594346641.3366,9227.0,0.001,Sell
1594346641.5114,9227.0,0.001,Sell
1594346646.5439,9227.5,0.001,Buy
1594346647.3686,9227.5,0.001,Buy
1594346761.3993,9227.5,0.001,Buy
1594346769.4339,9227.0,0.001,Sell
1594346821.3479,9227.5,0.001,Buy
1594346821.7133,9227.5,0.001,Buy
1594346829.3836,9227.0,0.001,Sell
1594346829.745,9227.0,0.001,Sell
1594346941.6862,9227.0,0.001,Sell
1594346949.7208,9227.5,0.001,Buy
1594346955.045,9227.0,0.001,Sell
1594346955.1841,9226.0,0.001,Sell
1594346955.1841,9226.0,0.002,Sell
1594346955.1841,9226.0,0.001,Sell
1594346955.1899,9222.5,0.001,Sell
1594346955.1899,9222.5,0.001,Sell
1594346955.1899,9222.5,0.001,Sell
1594346955.1899,9222.5,0.001,Sell
1594346955.1899,9222.0,0.001,Sell
1594346955.1899,9222.0,0.001,Sell
1594346955.1899,9222.0,0.032,Sell
1594346955.1899,9221.0,0.001,Sell
1594346955.1899,9225.0,0.001,Sell
1594346955.1899,9222.5,0.001,Sell
1594346955.1899,9222.5,0.001,Sell
1594346955.1899,9223.0,0.002,Sell
1594346955.1899,9223.0,0.005,Sell
1594346955.1899,9223.0,0.04,Sell
1594346955.1899,9223.0,0.001,Sell
1594346955.1899,9223.0,0.001,Sell
1594346955.1899,9222.0,0.002,Sell
1594346955.1899,9223.0,0.001,Sell
1594346955.1899,9224.0,0.002,Sell
1594346955.1899,9224.0,0.003,Sell
1594346955.1899,9224.0,0.001,Sell
1594346955.1899,9224.0,0.001,Sell
1594346955.1899,9225.0,0.002,Sell
1594346955.1899,9225.0,0.005,Sell
1594346955.1899,9225.0,0.001,Sell
1594346955.1899,9223.0,0.001,Sell
1594346955.1899,9222.5,0.001,Sell
1594346955.1899,9222.5,0.001,Sell
1594346955.1899,9221.0,0.04,Sell
1594346955.1899,9221.0,0.005,Sell
1594346955.1899,9220.5,0.012,Sell
1594346955.1899,9220.5,0.05,Sell
1594346955.1899,9220.5,1.273,Sell
1594346955.1899,9220.0,0.1,Sell
1594346955.1899,9220.0,0.001,Sell
1594346955.1899,9220.0,0.001,Sell
1594346955.1899,9220.0,0.001,Sell
1594346955.1899,9220.0,1.359,Sell
1594346955.1899,9221.0,0.001,Sell
1594346956.1842,9224.0,0.009,Sell
1594346957.1777,9220.5,1.998,Sell
1594346957.1777,9221.5,0.001,Sell
1594346957.1777,9221.5,0.001,Sell
1594346988.0711,9219.5,0.189,Sell
1594346988.0711,9219.5,0.054,Sell
1594346988.0711,9219.5,1.757,Sell
1594347002.7682,9219.5,0.001,Sell
1594347002.828,9220.0,0.001,Buy
1594347009.8595,9219.5,0.001,Sell
1594347014.8088,9220.0,0.001,Buy
1594347051.7139,9219.5,0.002,Sell
1594347051.7139,9219.5,0.002,Sell
1594347051.7139,9219.5,0.001,Sell
1594347051.7139,9219.5,0.003,Sell
1594347058.7289,9219.0,0.001,Sell
1594347058.7289,9219.0,0.001,Sell
1594347058.7289,9219.0,0.005,Sell
1594347058.7289,9219.0,0.002,Sell
1594347058.7289,9219.0,0.108,Sell
1594347058.7289,9219.0,0.001,Sell
1594347058.7289,9219.0,0.003,Sell
1594347058.7289,9219.0,0.001,Sell
1594347078.5492,9218.5,0.108,Sell
1594347078.5492,9218.5,0.006,Sell
1594347078.5492,9218.5,0.001,Sell
1594347088.3512,9218.5,0.995,Buy
1594347090.3554,9218.5,0.019,Buy
1594347092.7092,9218.5,0.78,Buy
1594347094.3634,9218.5,0.021,Buy
1594347106.1858,9218.5,0.013,Buy
1594347106.3713,9218.5,0.527,Buy
1594347108.379,9218.5,0.017,Buy
1594347113.7177,9218.5,0.024,Buy
1594347115.2143,9217.0,0.011,Sell
1594347115.2143,9217.0,0.001,Sell
1594347115.2143,9217.0,0.002,Sell
1594347115.2143,9216.0,0.11,Sell
1594347115.2143,9216.0,0.001,Sell
1594347115.2143,9216.0,0.001,Sell
1594347115.2143,9217.0,0.002,Sell
1594347115.2143,9216.0,0.221,Sell
1594347115.2143,9216.0,0.001,Sell
1594347115.2143,9217.0,0.001,Sell
1594347115.2143,9218.0,0.005,Sell
1594347115.2143,9217.0,0.001,Sell
1594347115.2143,9217.5,0.005,Sell
1594347115.2143,9218.0,0.001,Sell
1594347115.2143,9218.0,0.002,Sell
1594347115.2143,9218.0,0.015,Sell
1594347115.2143,9218.0,0.009,Sell
1594347115.2143,9218.0,0.002,Sell
1594347115.2143,9218.0,0.002,Sell
1594347115.2143,9218.0,0.001,Sell
1594347115.2143,9217.0,0.001,Sell
1594347115.2143,9218.0,0.004,Sell
1594347115.2143,9216.0,0.001,Sell
1594347118.3831,9216.0,0.643,Sell
1594347120.3905,9216.0,0.209,Sell
1594347121.8652,9216.0,0.001,Sell
1594347122.4363,9216.5,0.001,Buy
1594347122.4976,9216.0,0.001,Sell
1594347127.5325,9216.5,0.001,Buy
1594347128.3515,9216.0,0.08,Sell
1594347130.9003,9216.5,0.001,Buy
1594347131.3983,9216.0,0.028,Sell
1594347132.4683,9216.0,0.001,Sell
1594347180.5859,9216.5,0.002,Buy
1594347235.7842,9216.5,0.005,Buy
1594347235.7842,9216.5,0.005,Buy
1594347236.6278,9216.5,0.5,Buy
1594347241.4886,9216.0,0.001,Sell
1594347241.6839,9216.5,0.001,Buy
1594347247.5223,9216.5,0.001,Buy
1594347248.2509,9216.5,0.01,Buy
1594347249.7217,9216.0,0.001,Sell
1594347251.8082,9216.5,0.01,Buy
1594347254.6858,9216.5,0.01,Buy
1594347256.4394,9216.5,0.01,Buy
1594347301.5701,9216.5,0.001,Buy
1594347309.6042,9216.0,0.001,Sell
1594347346.2127,9216.0,0.299,Sell
1594347346.2127,9216.0,1.33,Sell
1594347346.7528,9216.5,0.001,Buy
1594347351.8185,9217.0,0.001,Sell
1594347354.6294,9217.0,0.014,Sell
1594347358.637,9217.0,0.025,Sell
1594347361.9241,9217.5,0.001,Buy
1594347369.9575,9218.0,0.001,Sell
1594347370.8271,9218.0,0.023,Sell
1594347371.6447,9218.0,0.012,Sell
1594347375.6523,9218.0,0.374,Sell
1594347388.6603,9218.0,0.012,Sell
1594347389.8356,9218.0,0.001,Sell
1594347390.6679,9218.0,0.021,Sell
1594347401.6757,9218.0,0.007,Sell
1594347403.6833,9218.0,0.585,Sell
1594347410.8444,9218.0,0.001,Sell
1594347414.6909,9218.0,0.019,Sell
1594347415.6946,9218.0,0.022,Buy
1594347417.7021,9218.0,0.066,Buy
1594347421.4986,9217.5,0.001,Sell
1594347426.8677,9218.0,0.5,Buy
1594347428.7099,9218.0,0.013,Buy
1594347429.5347,9218.0,0.001,Buy
1594347430.7171,9218.0,0.005,Buy
1594347433.856,9218.0,0.495,Buy
1594347436.1858,9218.0,0.052,Buy
1594347441.725,9218.0,0.019,Buy
1594347443.7329,9218.0,0.009,Buy
1594347454.8649,9218.0,0.313,Buy
1594347455.7406,9218.0,0.01,Buy
1594347459.3295,9217.5,0.001,Sell
1594347459.3295,9217.5,0.001,Sell
1594347459.3295,9217.5,0.021,Sell
1594347459.748,9218.0,0.521,Buy
1594347466.1859,9218.0,0.662,Buy
1594347471.7558,9218.0,0.028,Buy
1594347472.4443,9217.5,0.012,Sell
1594347475.8736,9218.0,0.579,Buy
1594347478.4901,9217.5,0.012,Sell
1594347482.9003,9217.5,0.001,Sell
1594347494.9338,9217.5,0.001,Buy
1594347509.614,9217.5,0.1,Buy
1594347586.0103,9217.5,0.1,Buy
1594347601.5649,9217.0,0.001,Sell
1594347602.1605,9217.5,0.001,Buy
1594347606.6128,9217.5,0.001,Buy
1594347609.1961,9217.0,0.001,Sell
1594347661.4839,9217.5,0.001,Buy
1594347671.5179,9217.0,0.001,Sell
1594347721.9162,9216.5,0.001,Buy
1594347729.9474,9216.0,0.001,Sell
1594347781.8415,9216.0,0.001,Sell
1594347782.1134,9216.5,0.001,Buy
1594347790.1653,9216.0,0.001,Sell
1594347790.8925,9216.5,0.001,Buy
1594347839.4917,9216.5,0.001,Buy
1594347841.6119,9216.0,0.001,Sell
1594347847.643,9216.5,0.001,Buy
1594347901.2571,9216.5,0.001,Buy
1594347901.6545,9216.0,0.001,Sell
1594347905.5191,9216.0,0.054,Sell
1594347905.5191,9216.0,0.001,Sell
1594347905.5191,9216.0,0.001,Sell
1594347905.5191,9216.0,0.015,Sell
1594347905.5191,9216.0,0.063,Sell
1594347905.5191,9216.0,0.003,Sell
1594347905.5191,9216.0,0.001,Sell
1594347905.5191,9216.0,0.053,Sell
1594347905.5191,9216.0,0.001,Sell
1594347905.5191,9216.0,0.001,Sell
1594347905.5191,9216.0,0.696,Sell
1594347905.5191,9216.0,0.001,Sell
1594347909.2897,9215.5,0.001,Sell
1594347909.6869,9216.0,0.001,Buy
1594347912.4778,9215.5,0.054,Sell
1594347912.4778,9215.5,0.054,Sell
1594347912.4778,9215.5,0.005,Sell
1594347912.4778,9215.5,0.001,Sell
1594347912.5019,9215.0,0.002,Sell
1594347912.5019,9215.0,0.001,Sell
1594347912.5019,9215.0,0.002,Sell
1594347917.0783,9214.0,0.002,Sell
1594347917.0783,9214.0,0.005,Sell
1594347917.0783,9214.0,0.001,Sell
1594347917.0783,9214.0,0.001,Sell
1594347917.0783,9214.0,0.5,Sell
1594347920.0701,9214.0,0.001,Buy
1594347920.1843,9213.5,0.1,Sell
1594347920.2841,9213.5,0.005,Sell
1594347920.2841,9213.5,0.002,Sell
1594347920.2841,9213.5,0.001,Sell
1594347920.3841,9213.0,0.1,Sell
1594347920.4841,9213.0,0.037,Sell
1594347920.4841,9213.0,0.002,Sell
1594347920.4841,9213.0,0.034,Sell
1594347920.4841,9213.0,0.001,Sell
1594347920.5841,9212.5,0.001,Sell
1594347929.2179,9212.5,0.02,Buy
1594347940.0788,9212.5,0.018,Buy
1594347944.2317,9212.5,0.002,Buy
1594347957.5156,9212.0,0.022,Sell
1594347957.5156,9212.0,0.001,Sell
1594347957.5156,9212.0,0.001,Sell
1594347957.5156,9212.0,0.002,Sell
1594347957.5156,9212.0,0.005,Sell
1594347957.5156,9212.0,0.092,Sell
1594347957.5156,9212.0,0.002,Sell
1594347957.5156,9212.0,0.108,Sell
1594347957.5156,9212.0,0.001,Sell
1594347957.5156,9212.0,0.003,Sell
1594347957.5156,9212.0,0.695,Sell
1594347958.5042,9211.0,0.001,Sell
1594347958.5042,9211.0,0.106,Sell
1594347961.3228,9211.0,0.001,Sell
1594347964.2181,9211.0,0.135,Sell
1594347964.2181,9211.0,0.365,Sell
1594347970.899,9211.0,0.002,Sell
1594347970.899,9211.0,0.003,Sell
1594347970.899,9211.0,0.032,Sell
1594347970.899,9211.0,0.001,Sell
1594347970.899,9211.0,0.037,Sell
1594347970.899,9211.0,0.108,Sell
1594347971.2586,9211.0,0.85,Buy
1594347973.3579,9211.0,0.001,Buy
1594347985.7334,9210.5,0.006,Sell
1594347985.7334,9210.5,0.058,Sell
1594347987.1679,9210.5,0.051,Sell
1594348000.5431,9210.5,0.15,Buy
1594348007.6346,9210.0,0.005,Sell
1594348007.6346,9210.0,0.001,Sell
1594348007.6346,9210.0,0.04,Sell
1594348007.6346,9210.0,0.05,Sell
1594348007.6346,9210.0,0.003,Sell
1594348007.6346,9210.0,0.002,Sell
1594348007.6346,9210.0,0.001,Sell
1594348007.6346,9210.0,0.002,Sell
1594348007.6346,9210.0,0.001,Sell
1594348007.6346,9210.0,0.001,Sell
1594348007.6346,9210.0,0.001,Sell
1594348007.6346,9207.5,2.69,Sell
1594348007.6346,9208.0,3.0,Sell
1594348007.6346,9208.0,0.002,Sell
1594348007.6346,9208.0,0.005,Sell
1594348007.6346,9208.0,0.2,Sell
1594348007.6346,9208.0,0.001,Sell
1594348007.6346,9208.0,0.49,Sell
1594348007.6346,9209.0,0.001,Sell
1594348007.6346,9209.0,0.001,Sell
1594348007.6346,9209.0,0.001,Sell
1594348007.6346,9209.0,0.002,Sell
1594348007.6346,9210.0,0.001,Sell
1594348007.6346,9209.0,0.002,Sell
1594348007.6346,9210.0,0.002,Sell
1594348007.6411,9207.5,0.8,Sell
1594348007.6414,9207.5,1.83,Sell
1594348007.6414,9207.5,0.67,Sell
1594348007.6416,9207.5,0.006,Sell
1594348081.5068,9207.5,0.001,Sell
1594348086.5381,9208.0,0.001,Buy
1594348201.4718,9208.0,0.001,Buy
1594348203.0339,9208.0,0.001,Buy
1594348203.0866,9208.0,0.001,Buy
1594348209.5151,9207.5,0.001,Sell
1594348210.1312,9207.5,0.001,Sell
1594348213.0714,9207.5,0.001,Sell
1594348258.129,9207.5,0.2,Sell
1594348263.9063,9208.0,0.001,Buy
1594348271.9487,9207.5,0.001,Sell
1594348281.1093,9207.5,0.004,Sell
1594348281.1093,9207.5,0.009,Sell
1594348281.1093,9207.5,0.005,Sell
1594348281.1093,9207.5,0.002,Sell
1594348281.1093,9207.5,0.001,Sell
1594348281.1093,9207.5,0.003,Sell
1594348281.1093,9207.5,0.015,Sell
1594348281.1093,9207.0,0.002,Sell
1594348281.1093,9207.0,0.001,Sell
1594348281.1093,9206.5,0.1,Sell
1594348281.1093,9206.5,0.005,Sell
1594348281.1093,9206.0,0.03,Sell
1594348281.1093,9207.0,0.001,Sell
1594348281.1093,9207.5,0.001,Sell
1594348281.1093,9207.0,0.011,Sell
1594348281.2767,9206.0,0.002,Sell
1594348281.3025,9205.5,0.001,Sell
1594348281.3025,9205.5,0.1,Sell
1594348281.3074,9205.0,0.001,Sell
1594348281.3074,9205.0,0.002,Sell
1594348281.3074,9205.0,0.006,Sell
1594348281.3074,9205.0,0.002,Sell
1594348281.3074,9204.5,0.005,Sell
1594348281.3074,9204.0,0.001,Sell
1594348281.3074,9204.0,0.001,Sell
1594348281.3076,9204.0,0.3,Sell
1594348281.6487,9204.0,0.002,Sell
1594348281.6487,9204.0,0.015,Sell
1594348281.6487,9204.0,0.002,Sell
1594348281.6487,9204.0,1.245,Sell
1594348281.6487,9204.0,0.003,Sell
1594348289.6844,9203.0,0.024,Sell
1594348289.6844,9203.0,0.001,Sell
1594348289.6844,9203.0,0.016,Sell
1594348289.6844,9203.0,0.002,Sell
1594348289.6844,9203.0,0.001,Sell
1594348289.6844,9203.0,0.054,Sell
1594348289.6844,9203.0,0.002,Sell
1594348289.6929,9203.0,0.002,Sell
1594348289.6929,9203.0,0.015,Sell
1594348289.6929,9203.0,0.001,Sell
1594348289.6929,9203.0,0.001,Sell
1594348289.6929,9203.0,0.03,Sell
1594348289.6929,9203.0,0.009,Sell
1594348289.6929,9203.0,0.006,Sell
1594348289.6929,9203.0,0.054,Sell
1594348289.6929,9201.0,0.009,Sell
1594348289.6929,9201.0,0.034,Sell
1594348289.6929,9201.0,0.002,Sell
1594348289.6929,9201.5,0.005,Sell
1594348289.6929,9201.5,0.032,Sell
1594348289.6929,9202.0,0.001,Sell
1594348289.6929,9202.0,0.001,Sell
1594348289.6929,9202.0,0.002,Sell
1594348289.6929,9202.0,0.002,Sell
1594348289.6929,9202.5,0.006,Sell
1594348289.6929,9202.0,0.001,Sell
1594348322.0229,9201.5,0.01,Buy
1594348322.0229,9201.5,0.017,Buy
1594348323.3147,9201.5,0.05,Buy
1594348324.5493,9201.0,0.01,Sell
1594348324.5493,9201.0,0.001,Sell
1594348324.5493,9201.0,0.001,Sell
1594348324.5493,9201.0,0.002,Sell
1594348324.5493,9201.0,0.175,Sell
1594348324.5493,9201.0,0.054,Sell
1594348331.391,9200.5,0.001,Sell
1594348331.391,9200.5,0.002,Sell
1594348331.4315,9200.0,0.149,Sell
1594348331.4381,9200.0,0.424,Sell
1594348331.4383,9200.0,0.092,Sell
1594348331.4383,9200.0,0.242,Sell
1594348331.4383,9200.0,0.064,Sell
1594348331.4383,9200.0,0.427,Sell
1594348331.4384,9200.0,0.372,Sell
1594348331.4384,9200.0,0.104,Sell
1594348331.4384,9200.0,0.002,Sell
1594348331.4384,9200.0,0.081,Sell
1594348331.4384,9200.0,0.011,Sell
1594348331.4384,9200.0,0.002,Sell
1594348331.4384,9200.0,0.028,Sell
1594348331.4385,9200.0,0.05,Sell
1594348331.4518,9200.0,0.146,Sell
1594348331.4518,9200.0,0.005,Sell
1594348331.4518,9200.0,1.0,Sell
1594348331.4518,9200.0,0.023,Sell
1594348331.4518,9200.0,0.2,Sell
1594348331.4518,9200.0,0.002,Sell
1594348331.4518,9200.0,0.1,Sell
1594348331.4847,9199.0,0.001,Sell
1594348331.4847,9199.0,0.03,Sell
1594348331.4847,9199.0,0.002,Sell
1594348331.4915,9198.5,0.001,Sell
1594348331.4915,9198.5,0.003,Sell
1594348331.4915,9198.0,0.004,Sell
1594348331.4915,9198.0,0.092,Sell
1594348331.4916,9197.5,0.248,Sell
1594348331.4916,9198.0,0.002,Sell
1594348331.4916,9198.0,0.005,Sell
1594348331.4916,9198.0,0.045,Sell
1594348331.7833,9198.0,0.009,Sell
1594348331.8115,9194.5,0.007,Sell
1594348331.8115,9195.0,0.005,Sell
1594348331.8115,9195.0,0.001,Sell
1594348331.8115,9195.0,0.05,Sell
1594348331.8115,9195.0,0.03,Sell
1594348331.8115,9195.0,0.01,Sell
1594348331.8115,9195.0,0.003,Sell
1594348331.8115,9195.0,0.001,Sell
1594348331.8115,9195.0,0.006,Sell
1594348331.8115,9195.0,0.032,Sell
1594348331.8115,9196.0,0.002,Sell
1594348331.8115,9196.0,0.001,Sell
1594348331.8115,9197.0,0.034,Sell
1594348331.8115,9197.0,0.002,Sell
1594348331.8115,9197.0,0.011,Sell
1594348331.8115,9197.0,0.001,Sell
1594348331.8115,9196.0,0.046,Sell
1594348331.8178,9193.0,1.114,Sell
1594348331.8178,9193.0,0.022,Sell
1594348331.8178,9193.0,0.001,Sell
1594348331.8178,9193.0,0.002,Sell
1594348331.8178,9194.0,0.002,Sell
1594348331.8178,9194.5,0.093,Sell
1594348331.8178,9194.5,2.02,Sell
1594348331.8178,9194.5,0.98,Sell
1594348331.8178,9193.0,0.001,Sell
1594348331.8179,9193.0,0.011,Sell
1594348331.818,9193.0,0.349,Sell
1594348331.8181,9193.0,0.349,Sell
1594348333.6695,9195.5,0.001,Buy
1594348333.6695,9197.0,0.999,Buy
1594348333.7879,9198.5,0.1,Sell
1594348333.8842,9198.5,0.606,Sell
1594348333.9849,9198.5,0.1,Sell
1594348334.0842,9198.5,0.37,Sell
1594348334.0842,9198.5,0.363,Sell
1594348334.1842,9198.5,0.398,Sell
1594348334.2842,9198.5,0.754,Sell
1594348334.3842,9198.5,0.571,Sell
1594348334.4842,9198.5,0.1,Sell
1594348334.5841,9198.5,0.549,Sell
1594348334.6842,9198.5,0.1,Sell
1594348334.7845,9199.0,0.001,Buy
1594348334.7845,9199.0,0.009,Buy
1594348334.7861,9198.5,0.1,Sell
1594348334.9593,9200.5,0.001,Sell
1594348335.3481,9201.0,0.003,Buy
1594348335.3481,9201.0,0.034,Buy
1594348339.7835,9201.0,0.075,Buy
1594348339.7835,9201.0,0.002,Buy
1594348339.7835,9201.0,0.002,Buy
1594348339.7835,9201.0,0.921,Buy
1594348340.7842,9200.5,0.001,Sell
1594348340.7842,9200.5,0.065,Sell
1594348340.7842,9200.5,0.001,Sell
1594348340.7842,9200.5,0.042,Sell
1594348340.8843,9200.5,0.067,Sell
1594348364.2348,9199.0,0.05,Buy
1594348381.3719,9198.5,0.001,Sell
1594348389.4067,9199.0,0.001,Buy
1594348392.6505,9199.0,0.058,Buy
1594348392.7032,9199.5,0.021,Sell
1594348396.1859,9199.5,0.01,Sell
1594348396.2732,9199.5,0.013,Sell
1594348402.2068,9200.0,0.045,Buy
1594348402.2068,9200.0,0.005,Buy
1594348404.6187,9200.0,0.195,Buy
1594348404.6187,9200.0,0.005,Buy
1594348433.6842,9202.0,0.002,Buy
1594348433.6842,9202.0,0.005,Buy
1594348433.6842,9202.0,0.001,Buy
1594348433.6842,9202.0,0.002,Buy
1594348440.6782,9202.5,0.001,Buy
1594348440.6782,9202.5,0.006,Buy
1594348440.6782,9202.5,0.001,Buy
1594348440.6782,9202.5,0.001,Buy
1594348440.6782,9202.5,0.002,Buy
1594348440.6782,9202.5,0.001,Buy
1594348441.4342,9202.5,0.001,Sell
1594348441.9062,9202.5,0.001,Sell
1594348442.1139,9202.5,0.001,Sell
1594348443.096,9203.0,0.001,Buy
1594348445.8394,9202.5,0.001,Sell
1594348445.8394,9202.0,2.175,Sell
1594348445.8394,9202.0,0.001,Sell
1594348445.8394,9202.0,0.001,Sell
1594348445.8394,9202.0,0.015,Sell
1594348445.8394,9202.0,0.033,Sell
1594348445.8394,9202.0,1.291,Sell
1594348445.8394,9202.0,0.002,Sell
1594348445.8394,9202.5,0.001,Sell
1594348445.8394,9202.0,4.0,Sell
1594348445.8394,9202.5,0.1,Sell
1594348445.8394,9202.5,0.001,Sell
1594348445.8394,9202.5,0.005,Sell
1594348445.8394,9202.0,0.002,Sell
1594348445.8394,9202.5,0.009,Sell
1594348445.8394,9202.5,0.01,Sell
1594348445.8394,9202.5,1.5,Sell
1594348445.8394,9202.5,0.001,Sell
1594348445.8394,9202.5,0.985,Sell
1594348445.8394,9202.5,3.0,Sell
1594348445.8394,9202.5,0.3,Sell
1594348445.8394,9202.5,0.318,Sell
1594348445.8394,9202.5,4.8,Sell
1594348445.8394,9202.5,2.278,Sell
1594348445.8394,9202.5,2.277,Sell
1594348445.8394,9202.5,2.277,Sell
1594348445.8394,9202.5,0.1,Sell
1594348445.8394,9202.5,0.05,Sell
1594348445.8394,9202.5,0.1,Sell
1594348445.8394,9202.5,1.2,Sell
1594348445.8394,9202.5,1.0,Sell
1594348448.1611,9202.5,0.001,Buy
1594348450.469,9203.0,0.001,Buy
1594348450.6292,9203.0,0.002,Buy
1594348450.6292,9203.0,0.267,Buy
1594348450.6292,9203.0,0.031,Buy
1594348451.133,9202.5,0.001,Sell
1594348453.9372,9203.0,0.001,Buy
1594348454.6975,9203.0,0.25,Buy
1594348457.0694,9203.0,0.125,Buy
1594348467.2197,9203.0,0.05,Buy
1594348493.8886,9203.0,0.5,Buy
1594348506.7513,9203.0,0.5,Buy
1594348514.9343,9203.0,0.05,Buy
1594348562.4203,9202.5,0.001,Sell
1594348567.4549,9203.0,0.001,Buy
1594348607.109,9202.5,0.2,Sell
1594348673.8906,9202.5,0.001,Sell
1594348673.8906,9202.5,0.054,Sell
1594348677.7519,9202.0,0.2,Sell
1594348677.7519,9202.0,0.002,Sell
1594348677.7519,9202.0,0.05,Sell
1594348677.7519,9201.5,0.001,Sell
1594348677.7519,9201.0,0.002,Sell
1594348677.7519,9201.0,0.244,Sell
1594348677.7519,9202.0,0.001,Sell
1594348678.3948,9201.0,0.016,Sell
1594348681.3543,9201.5,0.001,Buy
1594348686.0003,9201.0,0.012,Sell
1594348689.3869,9201.0,0.001,Sell
1594348690.0078,9201.0,0.397,Sell
1594348690.0078,9201.0,0.233,Sell
1594348695.6112,9201.0,0.5,Sell
1594348696.1859,9201.0,0.217,Sell
1594348696.1859,9201.0,0.058,Sell
1594348697.4032,9201.0,0.498,Sell
1594348701.014,9201.0,0.029,Sell
1594348703.0215,9201.0,0.966,Sell
1594348715.0353,9201.0,0.065,Sell
1594348718.4118,9201.0,0.014,Sell
1594348726.1858,9201.0,0.59,Sell
1594348727.0472,9201.0,0.029,Sell
1594348729.0509,9201.0,0.423,Sell
1594348737.4204,9201.0,0.002,Sell
1594348741.0609,9201.0,0.028,Sell
1594348741.3466,9201.5,0.001,Buy
1594348741.9223,9201.5,0.001,Buy
1594348746.7172,9201.5,0.007,Buy
1594348746.7172,9201.5,0.693,Buy
1594348749.3785,9201.0,0.001,Sell
1594348751.9647,9201.0,0.001,Sell
1594348756.1867,9201.0,0.072,Sell
1594348765.6298,9201.0,0.001,Sell
1594348767.8387,9201.0,2.204,Sell
1594348767.8387,9201.0,0.001,Sell
1594348767.8387,9201.0,0.007,Sell
1594348767.8387,9201.0,0.001,Sell
1594348767.8387,9201.0,0.001,Sell
1594348767.8387,9201.0,0.001,Sell
1594348767.8387,9201.0,0.001,Sell
1594348801.439,9201.0,0.001,Buy
1594348808.471,9200.5,0.001,Sell
1594348838.7653,9200.5,0.002,Sell
1594348838.7653,9200.5,0.3,Sell
1594348838.7653,9200.5,0.1,Sell
1594348838.7653,9200.5,0.197,Sell
1594348840.1588,9200.5,0.027,Sell
1594348853.1722,9200.5,0.014,Sell
1594348857.4755,9200.5,0.006,Sell
1594348859.85,9200.5,1.359,Sell
1594348861.2956,9200.5,0.001,Sell
1594348868.1855,9200.5,0.02,Sell
1594348869.3287,9201.0,0.001,Buy
1594348876.4841,9200.5,0.619,Sell
1594348883.1985,9200.5,0.002,Sell
1594348887.8857,9201.0,0.1,Buy
1594348887.9842,9201.0,0.1,Buy
1594348888.0842,9201.0,0.1,Buy
1594348888.1842,9201.0,0.1,Buy
1594348888.2842,9201.0,0.1,Buy
1594348888.384,9201.0,0.1,Buy
1594348888.4842,9201.0,0.1,Buy
1594348888.5841,9201.0,0.1,Buy
1594348888.6842,9201.0,0.1,Buy
1594348888.7841,9201.0,0.1,Buy
1594348888.8842,9202.0,0.002,Buy
1594348888.9842,9202.5,0.001,Buy
1594348888.9842,9202.5,0.099,Buy
1594348889.0843,9202.5,0.1,Buy
1594348896.2061,9202.0,0.015,Sell
1594348897.4925,9202.0,0.197,Sell
1594348898.2136,9202.0,0.002,Sell
1594348910.2269,9202.0,0.901,Sell
1594348916.5013,9202.0,0.289,Sell
1594348921.4646,9202.5,0.001,Sell
1594348930.9367,9203.0,0.001,Buy
1594348930.9367,9203.0,0.089,Buy
1594348930.9367,9203.0,0.001,Buy
1594348930.9367,9203.0,0.002,Buy
1594348930.9367,9203.0,0.001,Buy
1594348930.9367,9203.0,0.005,Buy
1594348930.9367,9203.0,0.001,Buy
1594348933.4966,9203.0,0.001,Buy
1594348952.8968,9203.0,0.02,Buy
1594348981.7281,9204.0,0.001,Buy
1594348988.6989,9204.0,0.005,Buy
1594348988.6989,9204.0,1.195,Buy
1594348989.759,9203.5,0.001,Sell
1594349017.3096,9203.5,1.761,Sell
1594349041.734,9203.5,0.001,Sell
1594349041.7692,9203.5,0.001,Sell
1594349046.8023,9204.0,0.001,Buy
1594349047.7666,9204.0,0.001,Buy
1594349081.3658,9204.0,0.001,Buy
1594349081.3658,9204.0,0.001,Buy
1594349081.3658,9204.0,0.001,Buy
1594349081.3658,9204.0,0.009,Buy
1594349081.3658,9204.0,0.005,Buy
1594349081.3658,9204.0,0.001,Buy
1594349081.3658,9204.0,0.015,Buy
1594349081.3658,9204.0,0.001,Buy
1594349081.3658,9204.5,0.001,Buy
1594349091.2842,9205.0,0.002,Buy
1594349091.2842,9205.0,0.001,Buy
1594349091.2842,9205.0,0.005,Buy
1594349091.2842,9205.0,0.001,Buy
1594349091.2842,9205.0,0.002,Buy
1594349091.2842,9205.0,0.005,Buy
1594349091.2842,9205.0,0.001,Buy
1594349091.2901,9208.0,0.002,Buy
1594349091.2901,9208.0,0.032,Buy
1594349091.2901,9209.0,0.002,Buy
1594349091.2901,9206.5,0.001,Buy
1594349091.2901,9209.0,0.013,Buy
1594349091.2901,9207.0,0.002,Buy
1594349091.2901,9209.0,0.001,Buy
1594349091.2901,9208.0,0.001,Buy
1594349091.2901,9208.0,0.005,Buy
1594349091.2901,9206.5,0.001,Buy
1594349091.2901,9208.0,0.006,Buy
1594349091.2901,9206.0,0.001,Buy
1594349091.2901,9206.0,0.005,Buy
1594349091.2901,9207.0,0.005,Buy
1594349091.2901,9206.0,0.002,Buy
1594349091.2901,9206.5,0.01,Buy
1594349091.2901,9207.0,0.011,Buy
1594349093.4244,9208.5,0.118,Sell
1594349093.5789,9208.5,0.322,Sell
1594349099.915,9209.0,0.137,Buy
1594349099.915,9209.0,0.035,Buy
1594349099.915,9209.0,0.001,Buy
1594349099.915,9209.0,0.054,Buy
1594349099.915,9209.0,0.015,Buy
1594349099.915,9209.0,0.001,Buy
1594349099.915,9209.0,0.012,Buy
1594349099.915,9209.0,0.001,Buy
1594349099.915,9209.0,0.033,Buy
1594349099.915,9209.0,0.002,Buy
1594349099.915,9209.0,0.002,Buy
1594349099.915,9209.0,0.005,Buy
1594349099.915,9209.0,0.002,Buy
1594349103.1762,9208.5,0.001,Sell
1594349108.4399,9208.5,0.002,Sell
1594349112.2118,9209.0,0.001,Buy
1594349114.5874,9208.5,0.019,Sell
1594349115.5878,9209.0,2.0,Buy
1594349117.5254,9209.5,0.107,Buy
1594349117.5254,9209.5,0.001,Buy
1594349117.5254,9209.0,0.001,Buy
1594349117.5254,9209.0,0.015,Buy
1594349117.5254,9209.5,0.001,Buy
1594349129.6842,9209.5,0.1,Buy
1594349129.7842,9209.5,0.1,Buy
1594349129.8842,9209.5,0.008,Buy
1594349130.3843,9210.0,0.001,Buy
1594349130.3843,9210.0,0.002,Buy
1594349130.3843,9210.0,0.001,Buy
1594349130.3843,9210.0,0.003,Buy
1594349130.3843,9210.0,0.093,Buy
1594349130.4842,9210.0,0.1,Buy
1594349130.5842,9210.0,0.007,Buy
1594349130.5842,9210.0,0.093,Buy
1594349130.6843,9210.0,0.007,Buy
1594349130.6843,9210.0,0.093,Buy
1594349130.7842,9210.0,0.1,Buy
1594349130.8842,9210.0,0.1,Buy
1594349133.596,9209.5,0.012,Sell
1594349134.4673,9209.5,0.012,Sell
1594349146.4811,9209.5,0.015,Sell
1594349154.6047,9209.5,0.028,Sell
1594349158.4945,9209.5,0.018,Sell
1594349162.0125,9210.0,0.001,Buy
1594349169.5028,9209.5,0.016,Sell
1594349170.0448,9209.5,0.001,Sell
1594349171.5104,9209.5,0.013,Sell
1594349175.6136,9209.5,0.009,Sell
1594349184.524,9209.5,0.019,Sell
1594349194.6223,9209.5,0.012,Sell
1594349195.9804,9210.0,0.01,Buy
1594349200.3889,9210.0,0.002,Buy
1594349200.3889,9210.5,0.001,Buy
1594349200.3889,9210.5,0.006,Buy
1594349200.3889,9211.0,0.001,Buy
1594349200.3889,9211.0,0.001,Buy
1594349200.3889,9211.0,0.157,Buy
1594349202.2865,9211.0,0.085,Buy
1594349202.2865,9211.0,0.005,Buy
1594349202.2865,9211.0,0.002,Buy
1594349202.2865,9211.0,0.054,Buy
1594349202.2865,9211.0,0.054,Buy
1594349202.2865,9211.5,0.001,Buy
1594349202.2865,9211.5,0.001,Buy
1594349202.2865,9212.0,0.038,Buy
1594349202.8529,9214.5,1.843,Buy
1594349202.8529,9214.5,0.001,Buy
1594349202.8529,9213.5,0.001,Buy
1594349202.8529,9213.0,0.002,Buy
1594349202.8529,9213.0,0.005,Buy
1594349202.8529,9214.0,0.002,Buy
1594349202.8529,9213.0,0.034,Buy
1594349202.8529,9213.0,0.001,Buy
1594349202.8529,9212.5,0.001,Buy
1594349202.8529,9212.0,0.002,Buy
1594349202.8529,9212.0,0.022,Buy
1594349202.8529,9212.0,0.054,Buy
1594349202.8529,9213.0,0.032,Buy
1594349221.3489,9214.5,0.001,Buy
1594349229.379,9214.0,0.001,Sell
1594349257.7136,9213.0,0.351,Sell
1594349257.7136,9214.0,0.001,Sell
1594349257.7136,9214.0,0.009,Sell
1594349257.7136,9214.0,0.001,Sell
1594349257.7136,9214.0,0.138,Sell
1594349260.5959,9213.0,0.742,Sell
1594349272.6598,9213.0,0.013,Sell
1594349277.6113,9213.0,0.638,Sell
1594349279.9606,9213.0,0.05,Sell
1594349281.9801,9213.5,0.001,Buy
1594349291.6246,9213.0,0.157,Sell
1594349291.6684,9213.0,0.025,Sell
1594349292.0105,9213.0,0.001,Sell
1594349302.8718,9213.5,0.263,Buy
1594349302.8718,9213.5,0.005,Buy
1594349302.8718,9213.5,0.834,Buy
1594349302.8718,9213.5,0.001,Buy
1594349302.8718,9213.5,0.001,Buy
1594349325.2211,9213.5,1.0,Sell
1594349342.5686,9213.5,0.001,Sell
1594349343.7842,9214.0,0.1,Buy
1594349343.9742,9214.0,0.24,Buy
1594349350.5997,9214.0,0.001,Buy
1594349386.3839,9214.0,0.159,Buy
1594349386.3839,9214.5,0.001,Buy
1594349389.7137,9214.5,0.024,Sell
1594349391.7212,9214.5,0.954,Sell
1594349392.7121,9214.5,0.026,Sell
1594349401.5486,9215.0,0.001,Buy
1594349402.2597,9214.5,0.001,Sell
1594349404.7343,9214.5,0.171,Sell
1594349408.5809,9214.5,0.001,Sell
1594349413.7207,9214.5,0.814,Sell
1594349414.3045,9215.0,0.001,Buy
1594349418.7487,9214.5,0.029,Sell
1594349430.7626,9214.5,0.782,Sell
1594349434.5299,9215.0,0.002,Buy
1594349434.7292,9214.5,0.236,Sell
1594349443.7759,9214.5,0.027,Sell
1594349455.7379,9214.5,0.024,Sell
1594349457.7893,9214.5,0.637,Sell
1594349470.8025,9214.5,0.018,Sell
1594349476.7471,9214.5,0.019,Sell
1594349484.816,9214.5,0.023,Sell
1594349496.8294,9214.5,0.016,Sell
1594349497.7557,9214.5,0.467,Sell
1594349508.8428,9214.5,0.022,Sell
1594349518.7646,9214.5,0.005,Sell
1594349521.4237,9214.5,0.001,Sell
1594349521.8563,9214.5,0.012,Sell
1594349521.928,9215.0,0.001,Buy
1594349521.9336,9214.5,0.024,Sell
1594349526.4569,9215.0,0.001,Buy
1594349527.2249,9215.0,0.019,Buy
1594349529.9601,9214.5,0.001,Sell
1594349535.8696,9214.5,0.005,Sell
1594349539.7733,9214.5,0.001,Sell
1594349548.883,9214.5,0.001,Sell
1594349551.4274,9214.5,0.315,Sell
1594349560.7819,9214.5,0.565,Sell
1594349562.8963,9214.5,0.018,Sell
1594349567.2886,9214.5,0.061,Sell
1594349567.2886,9214.5,8.81,Sell
1594349567.2886,9214.5,1.129,Sell
1594349587.2388,9215.0,0.138,Buy
1594349587.2388,9215.0,0.001,Buy
1594349587.2388,9215.0,0.009,Buy
1594349587.2388,9215.0,0.002,Buy
1594349587.2388,9215.5,0.001,Buy
1594349587.2388,9215.0,0.002,Buy
1594349641.951,9215.5,0.001,Sell
1594349642.3999,9216.0,0.001,Buy
1594349647.988,9216.0,0.001,Buy
1594349650.432,9215.5,0.001,Sell
1594349687.7753,9215.5,0.185,Sell
1594349687.7753,9215.5,0.215,Sell
1594349701.438,9216.0,0.001,Buy
1594349709.4718,9215.5,0.001,Sell
1594349710.1585,9215.5,0.112,Sell
1594349751.484,9216.0,0.002,Buy
1594349751.484,9216.0,0.001,Buy
1594349751.484,9216.0,0.097,Buy
1594349751.5842,9216.0,0.1,Buy
1594349751.6842,9216.0,0.1,Buy
1594349751.7841,9216.0,0.1,Buy
1594349751.8842,9216.0,0.1,Buy
1594349751.9841,9216.0,0.003,Buy
1594349751.9841,9216.0,0.006,Buy
1594349751.9841,9216.0,0.002,Buy
1594349752.0842,9216.5,0.001,Buy
1594349752.0842,9216.5,0.001,Buy
1594349752.1844,9217.0,0.002,Buy
1594349752.1844,9217.0,0.001,Buy
1594349752.1844,9217.0,0.001,Buy
1594349752.1844,9217.0,0.011,Buy
1594349752.1844,9217.0,0.002,Buy
1594349752.2841,9217.5,0.001,Buy
1594349752.3841,9218.0,0.038,Buy
1594349752.3841,9218.0,0.002,Buy
1594349752.3841,9218.0,0.06,Buy
1594349752.4842,9218.0,0.04,Buy
1594349752.4842,9218.0,0.005,Buy
1594349752.4842,9218.0,0.002,Buy
1594349752.5843,9218.5,0.001,Buy
1594349752.5843,9218.5,0.006,Buy
1594349752.5895,9219.0,0.002,Buy
1594349752.5895,9219.5,0.001,Buy
1594349752.5895,9219.5,0.997,Buy
1594349752.6842,9219.5,0.1,Buy
1594349752.7842,9219.5,0.1,Buy
1594349752.8844,9219.5,0.1,Buy
1594349752.9841,9219.5,0.1,Buy
1594349753.0842,9219.5,0.1,Buy
1594349753.1841,9219.5,0.1,Buy
1594349753.2842,9219.5,0.1,Buy
1594349753.3842,9219.5,0.1,Buy
1594349753.484,9219.5,0.1,Buy
1594349753.5842,9219.5,0.1,Buy
1594349753.6841,9219.5,0.1,Buy
1594349753.7841,9219.5,0.1,Buy
1594349753.8842,9219.5,0.1,Buy
1594349753.9842,9219.5,0.1,Buy
1594349754.0841,9219.5,0.1,Buy
1594349762.3978,9219.0,0.001,Sell
1594349771.4312,9219.5,0.001,Buy
1594349776.1128,9219.5,0.374,Sell
1594349777.8757,9219.5,0.485,Sell
1594349789.4225,9220.0,0.001,Buy
1594349789.4225,9220.0,0.001,Buy
1594349789.4225,9220.0,0.005,Buy
1594349789.4225,9220.0,0.015,Buy
1594349789.4225,9220.0,0.001,Buy
1594349789.4225,9220.0,0.001,Buy
1594349789.4225,9220.0,0.002,Buy
1594349789.4225,9220.0,2.4,Buy
1594349789.4225,9220.0,2.0,Buy
1594349789.4225,9220.0,1.454,Buy
1594349789.4225,9220.0,2.278,Buy
1594349789.4225,9220.0,0.1,Buy
1594349789.4225,9220.0,0.2,Buy
1594349789.4225,9220.0,4.0,Buy
1594349789.4225,9220.0,0.001,Buy
1594349789.4225,9220.0,0.001,Buy
1594349789.4225,9220.0,0.3,Buy
1594349789.4225,9220.0,2.277,Buy
1594349789.4225,9220.0,0.001,Buy
1594349821.2619,9220.0,0.001,Sell
1594349821.8341,9220.5,0.001,Buy
1594349829.2934,9220.5,0.001,Buy
1594349831.8722,9220.0,0.001,Sell
1594349858.9748,9220.0,1.5,Sell
1594349881.613,9220.0,0.001,Sell
1594349893.6457,9220.5,0.001,Buy
1594349926.9787,9220.0,3.459,Sell
1594349926.9787,9220.0,0.541,Sell
1594349927.2318,9220.0,0.001,Sell
1594349927.2318,9220.0,2.999,Sell
1594349928.5797,9220.0,4.0,Sell
1594349931.5925,9220.0,0.1,Sell
1594349931.6863,9220.0,0.1,Sell
1594349931.7842,9220.0,0.1,Sell
1594349931.8843,9220.0,0.1,Sell
1594349935.7428,9220.0,4.0,Sell
1594349938.7156,9220.0,0.1,Sell
1594349944.8336,9220.0,0.1,Sell
1594349949.2148,9220.0,0.1,Sell
1594349957.089,9220.0,0.1,Sell
1594349958.9119,9220.0,3.0,Sell
1594349963.2854,9220.0,0.1,Sell
1594349976.8794,9220.0,0.1,Sell
1594349980.5729,9220.0,0.1,Sell
1594349982.4187,9220.0,0.1,Sell
1594349983.5861,9220.0,0.1,Sell
1594349988.1088,9220.5,0.009,Buy
1594349997.1446,9220.0,2.401,Sell
1594350001.6484,9220.5,0.001,Buy
1594350008.6901,9220.0,0.001,Sell
1594350035.3718,9220.0,0.1,Sell
1594350061.5317,9220.0,0.001,Sell
1594350062.8432,9220.0,0.001,Sell
1594350070.5627,9220.5,0.001,Buy
1594350070.8851,9220.5,0.001,Buy
1594350086.4792,9220.0,0.05,Sell
1594350122.2033,9220.0,0.001,Sell
1594350134.2448,9220.5,0.001,Buy
1594350142.3868,9220.0,1.5,Sell
1594350181.5703,9220.5,0.001,Buy
1594350191.6041,9220.0,0.001,Sell
1594350241.6875,9220.0,0.001,Sell
1594350242.0902,9220.0,0.001,Sell
1594350246.7206,9220.5,0.001,Buy
1594350248.1318,9220.5,0.001,Buy
1594350275.5826,9220.5,0.049,Buy
1594350361.3804,9220.5,0.001,Buy
1594350369.4203,9220.0,0.001,Sell
1594350388.988,9220.5,0.112,Buy
1594350422.9094,9220.5,0.001,Buy
1594350423.296,9220.5,0.001,Buy
1594350430.9415,9220.0,0.001,Sell
1594350431.3268,9220.0,0.001,Sell
1594350478.2432,9220.0,0.64,Sell
1594350478.2432,9220.0,0.86,Sell
1594350517.9901,9220.0,9.14,Sell
1594350517.9901,9219.0,0.002,Sell
1594350517.9901,9219.0,3.0,Sell
1594350517.9901,9219.0,0.001,Sell
1594350517.9901,9220.0,0.065,Sell
1594350517.9901,9219.5,0.001,Sell
1594350517.9901,9220.0,0.002,Sell
1594350517.9901,9220.0,0.327,Sell
1594350517.9901,9219.5,20.0,Sell
1594350518.074,9219.0,11.696,Buy
1594350542.6688,9218.5,0.001,Sell
1594350548.4491,9219.0,5.766,Buy
1594350548.4491,9219.0,4.0,Buy
1594350548.4491,9219.0,1.582,Buy
1594350549.9127,9219.0,0.752,Buy
1594350550.7132,9219.0,0.001,Buy
1594350556.1859,9219.0,0.01,Buy
1594350559.919,9219.0,0.01,Buy
1594350560.9202,9218.5,0.999,Sell
1594350560.9202,9218.5,2.497,Sell
1594350561.2176,9219.0,0.055,Buy
1594350572.9307,9219.0,0.009,Buy
1594350575.1754,9218.5,0.005,Sell
1594350582.2264,9219.0,0.267,Buy
1594350586.1858,9219.0,0.023,Buy
1594350586.946,9219.0,0.788,Buy
1594350591.2521,9219.0,0.05,Buy
1594350599.9579,9219.0,0.697,Buy
1594350601.4879,9219.0,0.001,Buy
1594350603.2351,9219.0,0.02,Buy
1594350603.5558,9218.5,0.001,Sell
1594350608.5222,9218.5,0.001,Sell
1594350612.9701,9219.0,0.134,Buy
1594350615.6039,9219.0,0.001,Buy
1594350616.1859,9219.0,0.012,Buy
1594350623.2437,9219.0,0.025,Buy
1594350625.9821,9219.0,0.017,Buy
1594350638.9938,9219.0,0.004,Buy
1594350643.2526,9219.0,0.026,Buy
1594350646.1858,9219.0,0.026,Buy
1594350653.009,9219.0,0.001,Buy
1594350691.4582,9219.0,2.095,Buy
1594350691.4582,9219.0,0.166,Buy
1594350691.4582,9219.0,0.739,Buy
1594350691.5843,9219.0,0.1,Buy
1594350691.6842,9219.0,0.1,Buy
1594350691.7842,9219.0,0.1,Buy
1594350691.8841,9219.0,0.1,Buy
1594350691.9842,9219.0,0.1,Buy
1594350692.6965,9219.0,0.003,Buy
1594350692.6965,9219.0,2.277,Buy
1594350692.6965,9219.0,0.005,Buy
1594350692.6965,9219.0,0.001,Buy
1594350692.6965,9219.0,0.19,Buy
1594350692.6965,9219.0,0.001,Buy
1594350714.0198,9219.5,0.001,Buy
1594350714.0198,9219.5,2.277,Buy
1594350714.0198,9219.5,1.722,Buy
1594350721.437,9219.0,0.001,Sell
1594350721.976,9219.0,0.001,Sell
1594350722.2069,9219.5,0.001,Buy
1594350726.4774,9220.0,0.001,Buy
1594350731.0079,9220.0,0.001,Buy
1594350731.0899,9219.5,0.007,Sell
1594350732.2413,9219.5,0.001,Sell
1594350740.294,9219.5,0.904,Sell
1594350742.2606,9220.0,0.002,Buy
1594350742.2606,9220.5,0.1,Buy
1594350742.2606,9220.0,0.002,Buy
1594350742.2606,9220.5,0.001,Buy
1594350742.2606,9220.5,0.045,Buy
