1619481600.9331,54016.5,0.001,Sell
1619481603.3967,54016.5,0.001,Sell
1619481604.0311,54016.0,0.016,Sell
1619481604.0311,54016.0,0.054,Sell
1619481604.0311,54015.0,0.037,Sell
1619481604.0376,54004.5,0.013,Sell
1619481604.0866,54000.0,0.038,Sell
1619481604.0866,54001.0,0.008,Sell
1619481604.0866,54004.5,0.084,Sell
1619481604.4954,54000.0,0.054,Sell
1619481604.5553,54000.0,0.025,Sell
1619481604.5553,54000.0,0.019,Sell
1619481608.8107,53974.5,0.107,Sell
1619481609.9486,53974.5,0.13,Sell
1619481610.6686,53974.5,0.03,Sell
1619481611.2274,53953.0,0.373,Sell
1619481611.2274,53953.5,0.065,Sell
1619481611.2274,53956.0,0.001,Sell
1619481611.2274,53974.5,0.245,Sell
1619481611.2274,53974.5,0.3,Sell
1619481611.2274,53974.5,0.001,Sell
1619481611.2274,53965.0,0.005,Sell
1619481611.2274,53959.0,0.01,Sell
1619481611.8477,53953.0,0.091,Sell
1619481612.4355,53953.0,0.2,Sell
1619481612.4953,53953.0,0.095,Sell
1619481612.4953,53953.0,0.405,Sell
1619481612.7015,53953.0,0.009,Sell
1619481613.1083,53953.0,0.475,Sell
1619481613.2651,53953.5,0.016,Buy
1619481613.4434,53953.0,0.038,Sell
1619481613.478,53953.0,0.081,Sell
1619481613.5609,53953.0,4.612,Sell
1619481613.6995,53931.5,0.001,Sell
1619481613.6995,53931.0,0.002,Sell
1619481613.6995,53930.0,0.001,Sell
1619481613.6995,53930.0,0.001,Sell
1619481614.8429,53915.0,0.005,Sell
1619481614.8429,53927.5,0.19,Sell
1619481614.8429,53919.0,0.024,Sell
1619481614.9124,53911.5,0.001,Sell
1619481614.9124,53911.5,0.001,Sell
1619481614.9124,53911.5,0.562,Sell
1619481614.9256,53899.5,0.112,Sell
1619481614.9256,53898.0,0.421,Sell
1619481614.9256,53900.0,0.002,Sell
1619481614.9256,53900.0,0.015,Sell
1619481614.9256,53900.0,0.1,Sell
1619481614.9256,53904.0,0.001,Sell
1619481614.9256,53906.0,0.007,Sell
1619481614.9256,53900.0,0.002,Sell
1619481614.9331,53898.0,0.108,Sell
1619481614.9354,53898.0,0.009,Sell
1619481614.9355,53897.0,0.013,Sell
1619481615.1128,53897.5,0.172,Sell
1619481615.4138,53897.5,0.028,Sell
1619481615.4138,53897.5,0.073,Sell
1619481615.4976,53897.5,0.041,Sell
1619481615.5312,53897.5,0.026,Sell
1619481616.7572,53898.0,0.023,Buy
1619481616.8457,53897.5,0.07,Sell
1619481616.8457,53897.5,0.016,Sell
1619481616.8753,53897.5,0.001,Sell
1619481616.8753,53892.0,0.005,Sell
1619481616.8852,53885.0,0.004,Sell
1619481616.8852,53884.5,0.002,Sell
1619481616.8852,53882.5,0.242,Sell
1619481616.8852,53884.5,0.002,Sell
1619481617.2174,53881.0,1.421,Sell
1619481617.2248,53881.0,0.165,Sell
1619481617.8808,53881.0,0.01,Sell
1619481618.1603,53881.0,0.063,Sell
1619481618.2046,53881.0,0.089,Sell
1619481618.2051,53881.0,0.2,Sell
1619481618.5183,53881.0,0.06,Sell
1619481620.1627,53881.0,0.182,Sell
1619481620.1667,53881.0,0.067,Sell
1619481620.3495,53881.0,0.083,Sell
1619481620.4201,53881.0,0.015,Sell
1619481620.5902,53881.0,0.198,Sell
1619481620.9558,53881.5,0.13,Buy
1619481621.0917,53881.0,0.055,Sell
1619481621.6737,53881.0,0.872,Sell
1619481621.6737,53881.0,7.978,Sell
1619481621.6737,53881.0,0.001,Sell
1619481621.7658,53881.0,0.036,Sell
1619481621.8683,53881.0,0.008,Sell
1619481621.922,53881.0,0.145,Sell
1619481622.916,53881.0,0.865,Sell
1619481622.916,53881.0,0.2,Sell
1619481622.916,53881.0,0.42,Sell
1619481623.1681,53881.0,0.037,Sell
1619481624.2108,53880.5,0.06,Sell
1619481624.4162,53880.5,0.005,Sell
1619481627.767,53881.0,0.003,Buy
1619481627.9164,53881.0,0.08,Buy
1619481628.1843,53880.5,0.035,Sell
1619481628.217,53880.5,3.0,Sell
1619481628.217,53880.5,0.03,Sell
1619481628.217,53880.5,1.08,Sell
1619481628.217,53880.5,0.183,Sell
1619481628.217,53880.5,1.08,Sell
1619481628.217,53880.5,3.627,Sell
1619481634.5105,53880.5,0.06,Sell
1619481634.5105,53880.5,0.203,Sell
1619481635.0921,53880.0,0.02,Sell
1619481635.1649,53880.0,0.093,Sell
1619481638.595,53879.0,0.03,Sell
1619481641.1442,53879.0,0.025,Sell
1619481643.5494,53879.0,0.005,Sell
1619481647.2151,53879.5,0.014,Buy
1619481649.7717,53879.5,6.944,Buy
1619481649.7717,53879.5,0.001,Buy
1619481650.1658,53880.0,0.024,Sell
1619481650.836,53880.5,0.093,Buy
1619481651.4776,53880.5,0.016,Buy
1619481652.5668,53880.5,0.072,Buy
1619481652.9577,53880.5,0.001,Buy
1619481652.9577,53880.5,0.019,Buy
1619481653.3223,53881.0,0.184,Buy
1619481653.5594,53897.0,0.002,Sell
1619481655.5399,53897.0,0.007,Sell
1619481657.0326,53910.0,0.027,Buy
1619481658.9321,53909.5,0.151,Sell
1619481667.8956,53910.0,1.0,Buy
1619481668.0768,53909.5,0.135,Sell
1619481668.7907,53910.0,0.08,Buy
1619481671.3558,53912.5,0.182,Buy
1619481671.3558,53910.0,0.017,Buy
1619481671.3558,53910.0,0.001,Buy
1619481671.3558,53910.0,0.3,Buy
1619481671.9823,53914.0,0.449,Sell
1619481672.1491,53914.0,0.01,Sell
1619481672.8158,53914.5,0.001,Buy
1619481674.4954,53914.5,0.017,Buy
1619481674.4954,53914.5,0.3,Buy
1619481674.4954,53914.5,0.683,Buy
1619481675.8481,53914.5,0.01,Buy
1619481677.0842,53917.5,0.002,Buy
1619481681.3572,53917.0,0.001,Sell
1619481681.421,53915.0,0.069,Sell
1619481681.4751,53915.0,0.001,Sell
1619481681.4751,53907.0,0.006,Sell
1619481681.699,53894.5,0.017,Sell
1619481681.7813,53892.5,0.004,Sell
1619481683.3053,53888.5,1.0,Buy
1619481685.1221,53888.0,0.016,Sell
1619481686.5516,53888.0,0.086,Sell
1619481688.5182,53888.0,0.509,Sell
1619481689.5135,53888.0,0.022,Sell
1619481689.6948,53888.5,7.816,Buy
1619481689.7368,53888.5,0.1,Buy
1619481689.7459,53895.0,0.831,Buy
1619481689.7459,53896.0,0.001,Buy
1619481689.8431,53905.5,3.168,Buy
1619481690.6457,53912.5,5.73,Buy
1619481690.747,53917.0,0.012,Sell
1619481690.8402,53924.0,0.287,Sell
1619481692.3699,53924.5,0.09,Buy
1619481692.4359,53929.5,0.002,Buy
1619481692.4359,53929.5,0.002,Buy
1619481692.9159,53949.5,0.001,Buy
1619481692.9353,53961.0,0.001,Buy
1619481693.216,53966.0,0.004,Buy
1619481693.5044,53972.5,0.001,Sell
1619481694.0978,53973.0,0.017,Buy
1619481694.914,53983.0,0.03,Buy
1619481696.399,53983.0,0.5,Buy
1619481696.6449,53982.5,0.001,Sell
1619481696.6449,53982.5,0.069,Sell
1619481696.919,53958.5,0.016,Buy
1619481702.6981,53970.5,0.01,Sell
1619481704.4529,53971.0,0.065,Buy
1619481704.4529,53971.0,0.945,Buy
1619481704.4529,53971.0,0.55,Buy
1619481704.4529,53971.0,0.07,Buy
1619481704.4529,53971.0,0.27,Buy
1619481704.4529,53971.0,0.1,Buy
1619481704.8394,53970.5,0.009,Sell
1619481705.5559,53970.5,0.001,Sell
1619481705.5559,53970.5,0.005,Sell
1619481706.167,53960.0,0.199,Buy
1619481707.0163,53960.0,0.047,Buy
1619481709.3688,53959.5,0.027,Sell
1619481709.783,53959.5,0.281,Sell
1619481713.7303,53960.0,0.2,Buy
1619481715.4435,53962.0,0.023,Buy
1619481717.1863,53961.5,0.175,Sell
1619481718.6192,53961.5,0.02,Sell
1619481719.2278,53961.5,0.008,Sell
1619481721.8232,53962.0,0.005,Buy
1619481722.244,53962.0,0.001,Buy
1619481722.2526,53961.5,0.013,Sell
1619481725.1954,53962.0,0.018,Buy
1619481726.1957,53961.5,0.18,Sell
1619481727.023,53962.0,0.016,Buy
1619481727.023,53962.0,0.1,Buy
1619481727.6055,53971.0,0.055,Buy
1619481729.0753,53974.5,0.03,Buy
1619481729.8367,53983.5,0.025,Sell
1619481729.8457,53983.5,0.239,Sell
1619481730.2993,53983.5,0.001,Sell
1619481731.6456,53997.0,0.622,Buy
1619481731.6456,53993.0,0.03,Buy
1619481731.6456,53993.0,0.005,Buy
1619481731.6456,53988.0,0.001,Buy
1619481731.6456,53996.5,0.006,Buy
1619481731.6456,53985.0,0.005,Buy
1619481731.6456,53985.0,0.03,Buy
1619481731.6456,53984.0,0.3,Buy
1619481731.6456,53988.0,0.001,Buy
1619481731.6531,53997.0,0.1,Buy
1619481733.4215,53997.5,0.01,Buy
1619481735.7154,53997.5,0.04,Buy
1619481735.7154,53997.5,0.095,Buy
1619481735.7154,53997.5,0.036,Buy
1619481736.4521,53997.5,0.083,Buy
1619481737.8172,53997.5,0.5,Buy
1619481741.3254,53997.5,0.719,Buy
1619481747.1533,53997.0,0.134,Sell
1619481751.8415,53997.0,0.015,Sell
1619481751.9285,53997.0,0.015,Sell
1619481756.3559,53997.5,0.02,Buy
1619481756.6296,53997.0,0.02,Sell
1619481756.9659,53997.5,0.261,Buy
1619481756.9659,53998.5,0.004,Buy
1619481757.4978,54003.0,0.005,Buy
1619481757.4978,54005.0,1.0,Buy
1619481757.4978,53999.5,0.032,Buy
1619481757.5046,54005.0,0.008,Buy
1619481757.5265,54006.0,0.007,Buy
1619481757.5265,54006.5,0.752,Buy
1619481757.5265,54007.0,0.207,Buy
1619481765.2217,54017.0,0.062,Buy
1619481765.2217,54018.0,0.001,Buy
1619481765.2217,54019.0,0.001,Buy
1619481765.2996,54020.5,0.001,Buy
1619481765.3077,54020.5,0.461,Sell
1619481765.3581,54021.0,0.018,Buy
1619481765.3581,54021.5,0.001,Buy
1619481765.3581,54025.0,0.001,Buy
1619481765.6182,54026.5,0.005,Sell
1619481766.2747,54027.0,0.065,Buy
1619481766.8451,54027.5,0.039,Sell
1619481767.0572,54028.0,0.176,Buy
1619481767.0572,54028.0,0.479,Buy
1619481768.6721,54028.0,0.065,Buy
1619481768.8794,54030.0,0.002,Buy
1619481768.9576,54033.0,0.002,Buy
1619481768.9669,54040.0,0.001,Buy
1619481768.9669,54034.0,0.03,Buy
1619481768.9669,54038.5,0.002,Buy
1619481768.9669,54041.0,0.017,Buy
1619481768.9671,54041.0,0.006,Buy
1619481768.9671,54044.5,0.173,Buy
1619481768.9774,54045.0,0.001,Buy
1619481769.2568,54045.0,0.001,Buy
1619481770.1559,54046.0,0.004,Buy
1619481770.1559,54046.0,0.002,Buy
1619481770.2377,54046.5,0.001,Buy
1619481770.2397,54047.0,0.006,Buy
1619481771.9505,54049.5,0.018,Sell
1619481772.0476,54050.0,0.262,Buy
1619481772.0476,54050.0,0.183,Buy
1619481772.0476,54050.0,0.001,Buy
1619481772.0476,54050.0,0.001,Buy
1619481772.0476,54050.0,0.003,Buy
1619481772.0551,54057.0,0.002,Buy
1619481772.0551,54057.0,0.058,Buy
1619481772.0551,54057.0,0.002,Buy
1619481772.0551,54057.0,0.178,Buy
1619481772.0551,54050.0,0.023,Buy
1619481772.0551,54050.0,0.737,Buy
1619481772.0551,54050.0,0.001,Buy
1619481772.0559,54057.0,0.2,Buy
1619481772.0654,54057.0,0.019,Buy
1619481772.8095,54057.0,0.049,Buy
1619481774.8995,54057.5,0.005,Sell
1619481777.1583,54058.0,0.023,Buy
1619481778.2643,54058.0,0.047,Buy
1619481778.3594,54058.0,0.047,Buy
1619481778.4982,54058.0,0.883,Buy
1619481778.4982,54066.5,0.08,Buy
1619481778.4982,54069.0,4.037,Buy
1619481778.506,54069.5,0.428,Buy
1619481778.506,54069.0,0.264,Buy
1619481778.506,54069.5,0.147,Buy
1619481778.6302,54073.0,0.05,Buy
1619481779.0451,54074.0,0.025,Buy
1619481779.0451,54074.0,0.461,Buy
1619481779.0451,54074.5,0.378,Buy
1619481779.266,54074.5,0.2,Buy
1619481780.6969,54075.0,0.002,Buy
1619481780.6969,54075.5,0.001,Buy
1619481780.6969,54075.0,0.001,Buy
1619481780.6969,54075.0,0.002,Buy
1619481780.7525,54081.5,0.009,Buy
1619481780.7638,54081.5,0.219,Buy
1619481781.0119,54083.0,0.176,Sell
1619481781.3976,54085.0,0.017,Buy
1619481782.6613,54089.5,0.003,Sell
1619481783.2054,54090.0,0.005,Buy
1619481783.2054,54090.0,0.05,Buy
1619481783.2054,54090.0,0.245,Buy
1619481784.1773,54089.5,0.038,Sell
1619481785.5695,54090.0,0.123,Buy
1619481786.1652,54090.0,0.019,Buy
1619481786.4078,54089.5,0.001,Sell
1619481786.744,54090.0,0.858,Buy
1619481786.744,54090.0,0.363,Buy
1619481787.5543,54090.0,0.167,Buy
1619481787.6666,54090.0,0.008,Buy
1619481788.1461,54090.0,0.05,Buy
1619481789.8273,54090.0,1.421,Buy
1619481791.398,54091.0,0.015,Buy
1619481791.398,54090.0,0.001,Buy
1619481791.4759,54093.0,0.005,Buy
1619481795.6296,54100.0,0.002,Buy
1619481795.6296,54100.0,0.01,Buy
1619481795.6296,54100.0,0.003,Buy
1619481795.6296,54100.0,0.05,Buy
1619481795.6296,54100.0,0.008,Buy
1619481795.6296,54100.0,0.01,Buy
1619481795.6296,54100.0,0.05,Buy
1619481795.6296,54100.0,0.006,Buy
1619481795.6296,54100.0,0.108,Buy
1619481795.6296,54100.0,0.002,Buy
1619481795.6373,54099.5,0.02,Sell
1619481795.6375,54099.5,0.041,Sell
1619481797.4717,54100.0,0.025,Buy
1619481797.8664,54103.0,1.835,Buy
1619481797.8664,54103.0,0.001,Buy
1619481797.8664,54102.0,0.2,Buy
1619481797.8664,54100.0,0.058,Buy
1619481797.8664,54103.0,0.001,Buy
1619481797.8664,54100.0,0.02,Buy
1619481797.8664,54100.0,0.05,Buy
1619481797.8664,54100.0,0.26,Buy
1619481797.8664,54100.0,0.001,Buy
1619481797.8664,54100.0,0.03,Buy
1619481797.8664,54100.0,0.2,Buy
1619481797.8664,54100.0,1.867,Buy
1619481797.8664,54100.0,0.03,Buy
1619481797.8664,54100.0,0.05,Buy
1619481797.8878,54103.0,1.25,Buy
1619481798.8171,54103.0,0.02,Buy
1619481799.8541,54103.0,0.456,Buy
1619481800.9962,54102.5,0.029,Sell
1619481801.975,54102.5,0.001,Sell
1619481802.1149,54103.5,0.002,Buy
1619481802.1149,54103.5,0.002,Buy
1619481802.997,54108.0,0.072,Buy
1619481802.997,54107.0,0.007,Buy
1619481802.997,54106.0,0.001,Buy
1619481802.997,54106.0,0.1,Buy
1619481804.3166,54108.0,0.59,Buy
1619481804.3166,54108.0,1.08,Buy
1619481804.3166,54108.0,2.888,Buy
1619481804.3166,54108.0,0.128,Buy
1619481805.4963,54108.0,0.017,Buy
1619481805.5031,54107.5,0.019,Sell
1619481805.9349,54108.0,0.093,Buy
1619481807.4846,54108.0,0.003,Buy
1619481808.7097,54107.5,0.01,Sell
1619481809.3666,54107.5,0.009,Sell
1619481810.6968,54108.0,0.324,Buy
1619481813.2051,54108.0,0.114,Buy
1619481813.9216,54111.0,0.025,Buy
1619481813.9216,54108.0,0.559,Buy
1619481813.9216,54109.0,0.001,Buy
1619481813.9313,54111.0,0.017,Sell
1619481813.9457,54112.5,0.008,Buy
1619481814.0357,54114.5,0.02,Buy
1619481814.42,54115.0,0.025,Buy
1619481814.497,54124.0,0.001,Buy
1619481814.497,54119.5,0.01,Buy
1619481814.497,54123.0,0.002,Buy
1619481814.497,54120.5,0.001,Buy
1619481814.5063,54124.5,0.001,Sell
1619481817.7258,54124.5,0.045,Sell
1619481819.4938,54125.0,0.71,Buy
1619481821.0022,54125.0,2.111,Buy
1619481821.4911,54125.0,0.525,Buy
1619481821.6782,54125.0,1.654,Buy
1619481821.6782,54125.0,1.0,Buy
1619481821.6831,54125.5,0.009,Buy
1619481821.6831,54125.5,0.028,Buy
1619481821.6831,54125.5,0.001,Buy
1619481821.7553,54127.0,0.004,Buy
1619481822.3196,54129.5,0.009,Sell
1619481822.3196,54129.5,0.006,Sell
1619481822.9692,54130.0,0.25,Buy
1619481823.4943,54129.5,0.254,Sell
1619481824.863,54130.0,0.183,Buy
1619481825.5608,54130.0,0.014,Buy
1619481825.6574,54130.0,0.174,Buy
1619481826.0254,54130.0,0.379,Buy
1619481826.0254,54130.0,0.349,Buy
1619481826.372,54130.0,0.003,Buy
1619481829.8041,54129.5,0.007,Sell
1619481830.9681,54130.0,0.039,Buy
1619481832.5101,54130.0,0.005,Buy
1619481833.684,54134.0,0.002,Buy
1619481833.684,54130.0,0.604,Buy
1619481833.684,54130.5,0.002,Buy
1619481833.684,54132.0,0.001,Buy
1619481833.684,54130.5,0.002,Buy
1619481833.684,54134.0,0.004,Buy
1619481833.684,54134.5,0.1,Buy
1619481833.6928,54143.5,0.005,Buy
1619481833.6928,54140.0,0.001,Buy
1619481833.8006,54147.0,0.002,Buy
1619481834.3558,54149.5,0.005,Sell
1619481834.3558,54149.5,0.002,Sell
1619481834.3558,54149.5,0.003,Sell
1619481834.9582,54150.0,0.005,Buy
1619481834.9582,54150.0,0.023,Buy
1619481834.9582,54150.0,0.01,Buy
1619481834.9582,54150.0,0.006,Buy
1619481834.9582,54150.0,0.003,Buy
1619481834.9582,54150.0,0.001,Buy
1619481834.966,54150.0,0.008,Buy
1619481837.0366,54150.0,0.005,Buy
1619481838.3581,54150.0,0.271,Buy
1619481838.3581,54150.0,0.146,Buy
1619481838.3581,54150.0,0.137,Buy
1619481838.4,54150.0,0.029,Buy
1619481838.4908,54150.0,2.0,Buy
1619481842.373,54150.0,0.029,Buy
1619481842.9985,54147.0,0.002,Sell
1619481842.9985,54147.0,0.002,Sell
1619481842.9985,54145.0,0.005,Sell
1619481843.0005,54145.0,0.004,Sell
1619481843.0094,54144.5,0.001,Sell
1619481843.3545,54130.0,0.008,Sell
1619481843.3635,54130.0,0.092,Sell
1619481843.3635,54130.0,0.267,Sell
1619481844.2979,54129.5,0.002,Sell
1619481844.3049,54128.5,0.005,Buy
1619481844.3049,54128.5,0.002,Buy
1619481844.3049,54128.5,0.193,Buy
1619481844.8504,54124.5,0.027,Sell
1619481844.8516,54122.5,0.002,Sell
1619481844.8516,54124.5,0.023,Sell
1619481844.8516,54122.5,0.002,Sell
1619481844.871,54119.0,0.027,Sell
1619481844.8955,54119.0,0.027,Sell
1619481845.1245,54092.5,0.004,Sell
1619481845.1245,54119.0,0.196,Sell
1619481845.1245,54110.0,0.009,Sell
1619481845.1245,54107.0,0.025,Sell
1619481845.1245,54103.0,0.001,Sell
1619481845.1245,54100.0,0.01,Sell
1619481845.1245,54099.5,0.015,Sell
1619481845.1245,54094.5,0.047,Sell
1619481845.1245,54084.5,0.034,Sell
1619481845.1245,54086.0,0.001,Sell
1619481845.134,54084.5,0.001,Sell
1619481845.1346,54084.5,0.002,Sell
1619481845.9407,54084.5,0.151,Sell
1619481847.9997,54084.5,0.014,Sell
1619481848.453,54085.0,0.063,Buy
1619481849.5669,54084.5,0.059,Sell
1619481850.2862,54083.0,2.0,Sell
1619481850.3033,54078.0,0.03,Sell
1619481850.3033,54080.0,0.08,Sell
1619481850.3033,54077.5,0.41,Sell
1619481850.3128,54062.5,0.01,Sell
1619481850.3128,54077.5,0.121,Sell
1619481850.3128,54077.0,0.005,Sell
1619481850.3128,54076.5,0.002,Sell
1619481850.3128,54076.5,0.002,Sell
1619481850.3128,54075.0,0.001,Sell
1619481850.3128,54064.0,0.048,Sell
1619481850.3128,54061.5,0.002,Sell
1619481850.3128,54058.5,0.235,Sell
1619481850.3352,54053.0,0.002,Sell
1619481850.3599,54047.5,0.057,Sell
1619481850.3599,54052.0,0.014,Sell
1619481850.3599,54050.0,0.003,Sell
1619481850.3665,54046.0,0.002,Sell
1619481850.3665,54045.0,0.001,Sell
1619481850.3665,54045.0,0.001,Sell
1619481850.3665,54046.0,0.004,Sell
1619481850.3665,54043.5,0.191,Sell
1619481850.3665,54044.5,0.2,Sell
1619481850.3665,54047.5,0.106,Sell
1619481850.3797,54052.5,0.017,Sell
1619481850.3797,54052.0,0.236,Sell
1619481850.3832,54052.0,0.515,Sell
1619481850.3974,54052.0,0.025,Sell
1619481850.3974,54052.0,0.329,Sell
1619481850.4032,54052.0,0.008,Sell
1619481850.4307,54052.0,0.013,Sell
1619481850.4307,54052.0,0.082,Sell
1619481850.4319,54052.0,0.256,Sell
1619481850.4425,54052.0,0.075,Sell
1619481850.451,54052.0,0.25,Sell
1619481850.4572,54052.0,0.023,Sell
1619481850.5267,54052.0,1.0,Sell
1619481850.7243,54052.0,0.361,Sell
1619481851.5967,54052.5,0.017,Buy
1619481852.4781,54051.5,0.002,Sell
1619481852.4781,54051.5,0.002,Sell
1619481852.5404,54036.0,0.001,Sell
1619481852.5404,54036.0,0.185,Sell
1619481852.74,54033.5,0.206,Buy
1619481852.8578,54033.0,0.002,Sell
1619481852.8581,54030.5,0.007,Sell
1619481853.6064,54019.0,0.009,Sell
1619481853.7608,54018.0,0.001,Sell
1619481853.7624,54018.0,0.006,Sell
1619481854.4662,54006.0,0.093,Sell
1619481854.4662,54006.0,0.007,Sell
1619481856.1222,54006.0,0.987,Sell
1619481856.1222,54006.0,0.013,Sell
1619481857.0342,54006.0,0.5,Sell
1619481858.1468,54006.5,1.08,Buy
1619481858.1468,54006.5,0.92,Buy
1619481858.5079,54006.0,1.0,Sell
1619481859.9573,54031.5,0.001,Buy
1619481859.9576,54031.5,0.006,Buy
1619481860.6698,54033.5,0.014,Sell
1619481861.6538,54034.0,0.2,Buy
1619481862.634,54066.5,1.275,Sell
1619481865.7157,54067.0,2.0,Buy
1619481865.7616,54067.0,0.002,Buy
1619481866.3166,54067.0,0.018,Buy
1619481866.3338,54067.0,0.02,Buy
1619481866.3338,54067.0,0.98,Buy
1619481866.4353,54069.5,0.003,Buy
1619481866.4353,54069.5,0.003,Buy
1619481866.4355,54069.5,0.011,Buy
1619481866.5372,54069.5,0.001,Buy
1619481866.826,54073.0,0.2,Buy
1619481866.826,54075.0,0.001,Buy
1619481866.826,54078.5,0.002,Buy
1619481866.826,54078.5,0.002,Buy
1619481866.826,54080.0,0.2,Buy
1619481866.826,54086.0,0.095,Buy
1619481870.7951,54089.5,0.008,Sell
1619481870.8191,54069.5,0.505,Sell
1619481870.8196,54069.5,0.515,Sell
1619481870.8658,54068.5,0.5,Sell
1619481870.8804,54068.5,0.357,Sell
1619481874.3098,54069.0,0.002,Buy
1619481879.6571,54068.5,0.005,Sell
1619481879.8768,54066.5,0.005,Sell
1619481881.2507,54062.0,0.004,Buy
1619481881.8867,54061.5,0.02,Sell
1619481887.7482,54061.5,0.168,Sell
1619481887.7558,54061.5,0.167,Sell
1619481887.7558,54050.0,0.005,Sell
1619481887.7558,54046.5,0.006,Sell
1619481887.7573,54046.5,0.178,Sell
1619481887.7604,54046.5,0.016,Sell
1619481887.7604,54043.0,0.001,Sell
1619481887.7604,54043.0,0.16,Sell
1619481887.7604,54043.0,0.001,Sell
1619481890.1738,54042.5,0.025,Buy
1619481890.5443,54024.5,0.002,Sell
1619481890.5443,54034.0,0.001,Sell
1619481891.0592,54025.0,0.07,Sell
1619481891.1388,54025.0,0.015,Sell
1619481891.1759,54004.5,0.04,Sell
1619481891.1759,54014.5,0.2,Sell
1619481891.1759,54016.5,0.002,Sell
1619481891.1759,54016.5,0.002,Sell
1619481891.1759,54018.0,0.001,Sell
1619481891.1759,54024.5,0.002,Sell
1619481891.1759,54004.5,0.238,Sell
1619481891.179,54004.5,0.338,Sell
1619481891.2085,54003.0,0.008,Sell
1619481891.2085,54003.0,0.158,Sell
1619481891.2085,54003.0,0.001,Sell
1619481891.3498,54004.5,0.135,Sell
1619481891.354,54004.5,0.226,Sell
1619481891.3594,54004.5,0.51,Sell
1619481891.3816,54004.5,0.129,Sell
1619481891.5462,54004.5,0.08,Sell
1619481891.5462,54004.5,0.034,Sell
1619481891.5462,54004.5,0.146,Sell
1619481892.7579,54004.5,0.415,Sell
1619481892.8147,54004.5,0.017,Sell
1619481892.8193,54002.5,0.095,Sell
1619481893.3318,54000.0,0.515,Sell
1619481894.6925,54000.0,0.39,Sell
1619481894.6925,54000.0,0.066,Sell
1619481895.1182,54000.0,0.179,Sell
1619481895.1182,54000.0,0.077,Sell
1619481895.1182,54000.0,0.155,Sell
1619481895.1182,54000.0,0.045,Sell
1619481897.7145,53999.5,0.177,Sell
1619481897.7174,53985.0,0.138,Sell
1619481897.7174,53988.0,0.001,Sell
1619481897.7174,53988.0,0.001,Sell
1619481897.7174,53990.0,0.001,Sell
1619481897.7174,53990.0,0.001,Sell
1619481897.7174,53993.0,0.005,Sell
1619481897.7174,53997.0,0.005,Sell
1619481897.7174,53997.5,0.002,Sell
1619481897.7174,53997.5,0.002,Sell
1619481897.7174,53998.0,0.001,Sell
1619481897.7174,53999.5,0.012,Sell
1619481897.7174,53991.0,0.008,Sell
1619481897.7184,53985.0,0.057,Sell
1619481897.7184,53981.5,0.12,Sell
1619481897.7199,53981.5,0.177,Sell
1619481897.7256,53981.5,0.094,Sell
1619481897.7256,53981.5,0.083,Sell
1619481897.7289,53981.5,0.177,Sell
1619481897.7372,53981.5,0.177,Sell
1619481898.5908,53977.5,0.515,Sell
1619481898.6415,53975.5,0.354,Sell
1619481898.6502,53975.5,0.52,Sell
1619481898.6529,53975.5,0.51,Sell
1619481898.7822,53971.5,0.118,Sell
1619481899.2516,53970.0,0.043,Sell
1619481899.2516,53970.0,0.01,Sell
1619481899.2516,53966.0,0.004,Sell
1619481899.2516,53961.5,0.001,Sell
1619481899.2516,53961.0,0.001,Sell
1619481899.2516,53961.0,0.461,Sell
1619481899.3003,53959.5,0.005,Sell
1619481900.6364,53950.0,0.003,Sell
1619481900.6364,53953.0,0.011,Sell
1619481900.6364,53949.5,0.001,Sell
1619481900.797,53946.0,0.002,Sell
1619481900.8439,53945.0,0.005,Sell
1619481900.8439,53940.0,0.013,Sell
1619481900.8698,53939.0,0.115,Sell
1619481900.9369,53938.0,0.001,Sell
1619481901.01,53937.0,0.01,Sell
1619481901.0644,53937.0,0.04,Sell
1619481901.0644,53935.0,0.107,Sell
1619481901.6793,53930.0,0.001,Sell
1619481901.6793,53930.0,0.001,Sell
1619481901.6793,53932.0,0.002,Sell
1619481902.3478,53913.5,1.0,Sell
1619481902.516,53911.5,0.009,Sell
1619481902.6623,53911.5,0.076,Sell
1619481903.017,53906.0,0.007,Sell
1619481903.0975,53904.0,0.001,Sell
1619481903.5687,53893.5,0.028,Sell
1619481903.5766,53893.5,0.1,Sell
1619481903.5766,53893.5,0.123,Sell
1619481903.6962,53892.0,0.005,Sell
1619481903.8523,53888.0,0.361,Sell
1619481903.8527,53888.0,0.397,Sell
1619481903.8528,53888.0,0.25,Sell
1619481903.8542,53888.0,0.258,Sell
1619481903.8644,53888.0,0.51,Sell
1619481903.8648,53888.0,0.515,Sell
1619481903.8774,53888.0,0.51,Sell
1619481903.896,53888.0,0.005,Sell
1619481903.926,53888.0,0.03,Sell
1619481903.9426,53888.0,0.114,Sell
1619481903.9744,53886.0,0.025,Sell
1619481903.9944,53886.0,0.125,Sell
1619481904.04,53883.5,0.007,Sell
1619481904.04,53885.0,0.004,Sell
1619481904.138,53882.5,0.001,Sell
1619481904.3066,53876.5,0.532,Sell
1619481904.4409,53876.5,0.004,Sell
1619481904.8356,53876.5,0.029,Sell
1619481905.449,53890.0,0.05,Buy
1619481905.449,53890.0,1.063,Buy
1619481906.355,53890.0,0.176,Buy
1619481907.1536,53889.5,0.106,Sell
1619481907.5322,53879.5,0.171,Sell
1619481907.6491,53880.0,0.08,Buy
1619481908.1671,53879.5,1.0,Sell
1619481909.7285,53880.0,0.016,Buy
1619481910.5814,53879.5,0.003,Sell
1619481910.6049,53873.0,0.001,Sell
1619481910.6049,53873.0,0.001,Sell
1619481910.6049,53873.0,0.001,Sell
1619481910.6049,53873.0,0.2,Sell
1619481910.6049,53871.0,0.048,Sell
1619481910.6049,53867.5,0.254,Sell
1619481910.6073,53865.5,0.273,Sell
1619481910.6149,53869.0,0.02,Sell
1619481910.6208,53869.0,0.004,Sell
1619481910.6367,53869.0,0.243,Sell
1619481911.0246,53865.0,0.105,Sell
1619481911.2668,53865.0,0.08,Sell
1619481911.3046,53865.0,0.012,Sell
1619481911.3046,53864.0,0.001,Sell
1619481911.3046,53864.0,0.001,Sell
1619481911.4687,53857.5,2.111,Sell
1619481911.4797,53857.5,0.028,Sell
1619481911.9092,53850.0,0.173,Sell
1619481911.9092,53854.0,0.2,Sell
1619481911.9092,53850.0,0.003,Sell
1619481911.9168,53850.0,0.019,Sell
1619481911.9168,53849.5,0.1,Sell
1619481911.9168,53849.5,0.181,Sell
1619481912.0555,53847.0,0.001,Sell
1619481912.0924,53846.5,1.748,Buy
1619481912.1563,53846.0,0.001,Sell
1619481912.416,53845.0,0.002,Sell
1619481912.5141,53843.5,0.001,Sell
1619481912.8125,53836.0,0.03,Sell
1619481912.8192,53836.0,0.162,Sell
1619481912.8193,53836.0,0.033,Sell
1619481913.2304,53834.0,2.0,Sell
1619481913.8125,53834.0,0.034,Sell
1619481915.7,53834.0,0.075,Sell
1619481915.8997,53834.0,0.02,Sell
1619481916.0958,53830.0,0.002,Sell
1619481916.0958,53829.0,0.003,Sell
1619481916.0958,53832.0,0.002,Sell
1619481916.1026,53827.0,0.036,Sell
1619481916.1026,53827.5,0.005,Sell
1619481916.1336,53827.0,0.029,Sell
1619481916.4024,53816.0,0.001,Buy
1619481916.4126,53815.5,0.001,Sell
1619481916.4126,53815.5,0.019,Sell
1619481916.4959,53816.0,1.215,Buy
1619481916.537,53815.0,0.001,Sell
1619481916.537,53815.0,0.001,Sell
1619481916.5372,53815.0,0.018,Sell
1619481916.8343,53814.5,0.011,Sell
1619481917.1101,53813.5,0.048,Sell
1619481917.5853,53814.0,0.006,Buy
1619481918.6544,53813.5,1.0,Sell
1619481918.878,53813.5,1.273,Sell
1619481921.1326,53814.0,0.04,Buy
1619481922.0789,53813.5,0.106,Sell
1619481922.0789,53813.5,0.194,Sell
1619481922.0789,53813.5,0.2,Sell
1619481922.0789,53813.5,0.07,Sell
1619481922.0789,53805.5,0.192,Sell
1619481922.0789,53811.5,0.003,Sell
1619481922.0789,53813.5,0.155,Sell
1619481922.0789,53813.5,0.08,Sell
1619481922.0883,53803.0,0.018,Sell
1619481922.0883,53805.0,0.007,Sell
1619481922.0883,53805.0,0.004,Sell
1619481922.0965,53809.5,0.022,Buy
1619481923.2796,53803.0,0.131,Sell
1619481923.2796,53803.0,0.134,Sell
1619481923.9118,53803.0,7.866,Sell
1619481923.9118,53803.0,0.134,Sell
1619481923.9995,53803.0,0.01,Sell
1619481924.5777,53803.5,1.283,Buy
1619481924.6216,53803.5,5.731,Buy
1619481924.6779,53814.0,0.001,Buy
1619481926.0088,53833.0,0.001,Sell
1619481926.6768,53832.5,0.022,Buy
1619481927.511,53823.5,0.677,Sell
1619481928.1489,53824.0,0.532,Buy
1619481928.1811,53824.0,0.04,Buy
1619481928.9224,53823.5,0.05,Sell
1619481930.9177,53824.0,0.002,Buy
1619481931.1714,53823.5,0.022,Sell
1619481932.1872,53823.5,0.004,Sell
1619481932.4763,53823.5,0.005,Sell
1619481933.3007,53822.5,0.028,Sell
1619481933.3007,53822.5,0.132,Sell
1619481933.3027,53822.5,0.029,Sell
1619481933.3517,53823.0,0.16,Buy
1619481933.3517,53823.0,0.01,Buy
1619481933.3517,53823.0,0.005,Buy
1619481934.9549,53823.0,0.059,Buy
1619481936.3224,53824.0,0.07,Buy
1619481936.3224,53824.0,0.5,Buy
1619481936.3224,53824.5,0.1,Buy
1619481936.3224,53824.0,0.001,Buy
1619481936.5521,53832.5,0.022,Buy
1619481936.652,53833.5,0.042,Buy
1619481936.652,53833.5,0.2,Buy
1619481936.6581,53834.5,0.888,Buy
1619481936.735,53850.0,0.015,Buy
1619481936.7459,53852.0,0.014,Buy
1619481937.148,53852.0,0.024,Buy
1619481937.4892,53852.0,0.082,Buy
1619481937.7582,53851.5,0.062,Sell
1619481940.723,53849.5,0.022,Sell
1619481940.723,53849.5,0.048,Sell
1619481940.723,53849.5,0.07,Sell
1619481940.723,53849.5,0.105,Sell
1619481941.0688,53850.0,0.049,Buy
1619481941.1335,53850.0,0.065,Buy
1619481941.6159,53849.5,0.001,Sell
1619481942.4274,53850.0,0.371,Buy
1619481946.4299,53849.5,0.577,Sell
1619481946.4299,53849.5,0.167,Sell
1619481946.4299,53849.5,8.0,Sell
1619481947.2244,53850.0,0.039,Buy
1619481949.4794,53850.0,0.004,Buy
1619481949.7647,53850.0,0.055,Buy
1619481949.8532,53850.0,0.259,Buy
1619481950.1476,53850.0,0.001,Buy
1619481952.3899,53849.5,0.005,Sell
1619481952.3899,53849.5,5.559,Sell
1619481952.3899,53849.5,2.436,Sell
1619481952.3899,53849.5,3.294,Sell
1619481952.3899,53849.5,3.706,Sell
1619481952.3904,53849.5,0.748,Sell
1619481952.3904,53849.5,0.277,Sell
1619481955.6607,53838.5,0.012,Buy
1619481958.2847,53838.0,0.221,Sell
1619481959.4272,53838.0,4.454,Sell
1619481959.5883,53838.0,0.001,Sell
1619481959.5883,53837.5,3.404,Sell
1619481959.5883,53838.0,2.325,Sell
1619481959.6715,53834.5,0.001,Sell
1619481962.5373,53822.0,0.011,Sell
1619481962.5409,53815.5,0.004,Sell
1619481962.5409,53814.0,0.006,Sell
1619481962.5409,53813.0,0.001,Sell
1619481962.5409,53822.0,0.009,Sell
1619481962.5409,53822.0,0.001,Sell
1619481962.5409,53815.5,0.001,Sell
1619481962.5423,53807.0,0.011,Sell
1619481962.5433,53807.0,0.011,Sell
1619481962.5453,53807.0,0.013,Sell
1619481962.5507,53807.0,0.011,Sell
1619481962.5534,53807.0,0.011,Sell
1619481962.5542,53807.0,0.011,Sell
1619481963.0384,53807.0,0.006,Sell
1619481963.6557,53806.0,0.016,Sell
1619481963.8375,53803.0,0.001,Sell
1619481963.8783,53803.0,0.08,Sell
1619481965.1899,53803.0,0.01,Sell
1619481965.5244,53803.0,0.02,Sell
1619481965.5696,53803.0,0.066,Sell
1619481965.5696,53803.0,0.012,Sell
1619481965.5696,53803.0,0.147,Sell
1619481965.5696,53803.0,1.775,Sell
1619481966.0944,53803.0,0.067,Sell
1619481966.1258,53803.5,0.339,Buy
1619481966.2995,53803.0,0.091,Sell
1619481966.4738,53803.0,0.001,Sell
1619481968.6733,53801.0,0.002,Sell
1619481968.6733,53801.0,0.025,Sell
1619481968.6733,53801.0,0.177,Sell
1619481968.6733,53801.0,0.327,Sell
1619481969.4818,53801.0,0.001,Sell
1619481969.7544,53801.0,0.089,Sell
1619481969.89,53801.5,0.1,Buy
1619481970.5358,53801.0,0.035,Sell
1619481974.296,53801.0,0.058,Sell
1619481975.8771,53801.5,0.049,Buy
1619481976.0349,53801.5,0.151,Buy
1619481976.0349,53802.0,0.162,Buy
1619481976.6445,53833.0,1.287,Buy
1619481976.9931,53849.0,0.787,Sell
1619481977.3129,53849.0,0.009,Sell
1619481978.0421,53849.0,0.019,Sell
1619481978.4575,53849.5,0.012,Buy
1619481978.5289,53850.0,0.1,Buy
1619481980.553,53850.0,0.045,Buy
1619481981.3883,53850.0,0.005,Buy
1619481982.2533,53850.0,0.2,Buy
1619481982.5321,53850.0,0.5,Buy
1619481982.6945,53850.0,1.0,Buy
1619481982.6945,53850.0,0.25,Buy
1619481983.3116,53856.0,0.2,Buy
1619481983.3116,53857.5,0.042,Buy
1619481983.3779,53868.5,0.001,Buy
1619481983.3779,53873.0,0.001,Buy
1619481983.3779,53873.0,0.001,Buy
1619481985.9979,53883.0,0.126,Buy
1619481986.2165,53883.0,0.02,Buy
1619481986.8469,53882.5,0.071,Sell
1619481986.864,53883.0,0.002,Buy
1619481988.9015,53877.5,0.027,Sell
1619481989.485,53877.5,0.011,Sell
1619481989.485,53877.5,1.989,Sell
1619481990.094,53878.0,0.003,Buy
1619481991.2947,53885.0,0.004,Buy
1619481991.4095,53900.5,0.811,Sell
1619481991.4208,53903.0,0.089,Buy
1619481992.2417,53903.0,0.05,Buy
1619481993.0556,53906.0,0.007,Buy
1619481993.0556,53904.0,0.001,Buy
1619481993.2414,53915.5,0.296,Buy
1619481993.5773,53915.5,0.017,Buy
1619481994.535,53916.0,0.3,Buy
1619481994.535,53920.0,0.232,Buy
1619481995.0662,53923.0,1.0,Buy
1619481995.8882,53926.5,0.124,Buy
1619481997.2024,53926.0,0.128,Sell
1619481997.8189,53926.5,0.174,Buy
1619481998.3388,53926.0,0.01,Sell
1619481998.8902,53926.0,0.25,Sell
1619481999.5216,53926.5,0.2,Buy
1619481999.5216,53926.5,0.05,Buy
1619481999.5216,53926.5,0.25,Buy
1619481999.5216,53926.5,0.066,Buy
1619482001.2177,53926.0,0.014,Sell
1619482004.3023,53925.5,0.01,Sell
1619482004.6083,53925.5,0.01,Sell
1619482004.6344,53925.5,0.07,Sell
1619482004.675,53925.5,0.071,Sell
1619482004.9452,53912.0,0.01,Sell
1619482005.396,53912.0,0.178,Sell
1619482005.396,53903.5,0.2,Sell
1619482005.396,53902.0,0.2,Sell
1619482005.396,53899.0,0.131,Sell
1619482005.396,53899.0,0.291,Sell
1619482006.005,53899.0,0.01,Sell
1619482006.4725,53899.5,0.055,Buy
1619482006.4725,53899.5,0.012,Buy
1619482015.1333,53899.5,0.023,Buy
1619482019.9554,53899.5,0.177,Buy
1619482019.9554,53899.5,1.0,Buy
1619482019.9554,53900.0,0.005,Buy
1619482020.0612,53914.5,0.003,Buy
1619482020.0612,53914.5,0.003,Buy
1619482022.3951,53923.5,0.001,Buy
1619482024.607,53923.5,0.024,Buy
1619482025.1179,53923.0,0.055,Sell
1619482025.1179,53923.0,0.012,Sell
1619482025.2077,53923.0,0.001,Sell
1619482025.2077,53899.5,0.003,Sell
1619482025.2077,53899.0,0.166,Sell
1619482025.2077,53899.0,0.005,Sell
1619482025.2077,53899.0,0.075,Sell
1619482025.7466,53899.5,0.085,Buy
1619482025.8038,53899.0,0.008,Sell
1619482025.8038,53899.0,0.002,Sell
1619482025.8038,53899.0,0.079,Sell
1619482027.3674,53899.5,0.1,Buy
1619482027.9968,53897.0,0.006,Sell
1619482027.9968,53889.5,0.005,Sell
1619482027.9968,53888.0,0.001,Sell
1619482028.5262,53885.5,0.2,Sell
1619482028.5262,53885.5,0.35,Sell
1619482028.5262,53885.5,0.45,Sell
1619482029.4993,53886.0,0.013,Buy
1619482030.1208,53886.0,0.003,Buy
1619482030.1208,53886.0,0.017,Buy
1619482031.5489,53904.0,0.02,Buy
1619482032.2421,53903.5,0.015,Sell
1619482033.842,53904.0,0.016,Buy
1619482035.5626,53903.5,0.012,Sell
1619482036.6361,53904.0,0.018,Buy
1619482037.747,53900.0,0.1,Sell
1619482037.747,53900.0,0.066,Sell
1619482038.2246,53900.0,0.002,Sell
1619482038.3665,53900.0,0.132,Sell
1619482038.4364,53890.0,0.002,Sell
1619482038.4364,53890.0,0.002,Sell
1619482039.3115,53885.5,0.007,Sell
1619482040.067,53885.5,0.123,Sell
1619482040.1351,53878.5,0.001,Sell
1619482040.1351,53873.0,0.001,Sell
1619482049.3563,53890.0,0.003,Buy
1619482049.3563,53890.0,0.003,Buy
1619482053.1596,53900.0,0.002,Sell
1619482053.1711,53900.0,0.1,Sell
1619482054.8088,53900.5,0.1,Buy
1619482054.8088,53900.5,0.4,Buy
1619482079.3015,53900.0,0.01,Sell
1619482079.3015,53900.0,0.014,Sell
1619482080.9353,53900.5,0.027,Buy
1619482083.0427,53900.5,0.029,Buy
1619482086.9609,53900.5,0.168,Buy
1619482089.3395,53900.0,0.08,Sell
1619482089.5205,53900.0,0.028,Sell
1619482091.7583,53900.0,0.037,Sell
1619482094.656,53900.5,0.022,Buy
1619482099.5274,53900.5,0.01,Buy
1619482099.9318,53900.5,0.8,Buy
1619482099.9773,53901.0,0.001,Buy
1619482100.0208,53903.5,0.006,Sell
1619482100.0208,53903.5,0.094,Sell
1619482101.9446,53916.5,0.002,Buy
1619482101.9446,53916.5,0.002,Buy
1619482101.9446,53904.0,0.3,Buy
1619482101.9446,53904.0,0.1,Buy
1619482102.5017,53923.0,1.0,Sell
1619482114.7573,53918.0,0.002,Sell
1619482114.7573,53918.0,0.002,Sell
1619482115.7805,53897.5,1.185,Buy
1619482117.6451,53897.5,0.027,Buy
1619482121.5694,53897.5,0.21,Buy
1619482122.7444,53897.5,0.12,Buy
1619482126.2887,53916.0,0.005,Buy
1619482126.7179,53921.5,0.21,Sell
1619482129.5743,53931.5,0.053,Buy
1619482129.5743,53930.5,0.205,Buy
1619482129.5743,53930.0,0.001,Buy
1619482129.5743,53930.0,0.057,Buy
1619482129.5743,53928.5,0.434,Buy
1619482129.5743,53923.5,0.049,Buy
1619482129.5743,53922.0,0.2,Buy
1619482129.5743,53930.0,0.001,Buy
1619482129.582,53924.0,0.001,Sell
1619482135.3546,53932.0,0.002,Buy
1619482135.3546,53932.0,0.027,Buy
1619482147.0779,53932.0,0.051,Buy
1619482167.7954,53932.0,0.015,Buy
1619482168.4376,53932.0,0.617,Buy
1619482168.6162,53932.5,0.25,Buy
1619482168.6162,53933.0,0.001,Buy
1619482168.6162,53932.0,0.028,Buy
1619482168.6162,53932.0,0.368,Buy
1619482168.6162,53932.0,1.0,Buy
1619482168.6526,53954.0,0.01,Buy
1619482168.6526,53950.0,0.001,Buy
1619482168.6526,53950.0,0.1,Buy
1619482168.6526,53950.0,0.003,Buy
1619482168.6526,53946.0,0.002,Buy
1619482168.6526,53944.5,0.002,Buy
1619482168.6526,53944.5,0.002,Buy
1619482168.6526,53956.0,0.001,Buy
1619482168.6526,53940.5,0.01,Buy
1619482168.6526,53940.5,1.0,Buy
1619482168.6526,53940.0,0.086,Buy
1619482168.6526,53940.0,1.1,Buy
1619482168.6526,53935.5,0.001,Buy
1619482168.6526,53942.0,0.005,Buy
1619482168.6615,53961.0,0.132,Buy
1619482168.6615,53959.5,0.006,Buy
1619482168.6615,53961.0,0.001,Buy
1619482168.6615,53958.5,0.001,Buy
1619482168.6615,53959.0,0.046,Buy
1619482169.0896,53958.0,0.039,Sell
1619482171.5997,53958.5,0.001,Buy
1619482182.8244,53958.0,0.012,Sell
1619482184.0268,53958.5,0.028,Buy
1619482184.7561,53958.0,0.02,Sell
1619482186.4681,53957.0,0.005,Buy
1619482186.4681,53957.0,0.065,Buy
1619482189.3688,53956.5,0.16,Sell
1619482191.7373,53935.0,0.257,Buy
1619482201.6451,53935.0,0.001,Buy
1619482203.6772,53934.5,0.05,Sell
1619482203.9501,53935.0,0.1,Buy
1619482204.211,53956.5,0.05,Buy
1619482204.4962,53959.0,0.001,Buy
1619482204.4962,53959.0,0.009,Buy
1619482204.5018,53959.0,0.005,Buy
1619482204.6029,53966.0,0.004,Buy
1619482204.6029,53966.0,0.005,Buy
1619482204.6083,53966.0,0.004,Buy
1619482205.1613,53965.5,0.001,Sell
1619482205.7807,53965.5,0.015,Sell
1619482206.489,53965.5,0.02,Sell
1619482211.0483,53966.0,0.178,Buy
1619482217.0377,53966.0,0.029,Buy
1619482217.4601,53965.5,0.123,Sell
1619482217.4601,53965.5,0.177,Sell
1619482218.1046,53966.0,0.068,Buy
1619482220.3146,53966.0,0.053,Buy
1619482225.3385,53946.0,0.1,Sell
1619482226.1876,53946.5,0.009,Buy
1619482226.4066,53946.0,0.137,Sell
1619482226.7834,53946.0,0.01,Sell
1619482233.9225,53946.0,0.124,Sell
1619482233.9225,53946.0,0.076,Sell
1619482243.6743,53946.5,0.015,Buy
1619482250.7378,53946.5,0.339,Buy
1619482251.1798,53946.5,0.012,Buy
1619482251.2329,53946.0,0.054,Sell
1619482252.6969,53946.0,0.046,Sell
1619482252.6969,53946.0,0.003,Sell
1619482252.6969,53946.0,0.051,Sell
1619482254.6758,53946.0,0.003,Sell
1619482261.512,53946.0,0.005,Sell
1619482262.5931,53946.5,0.025,Buy
1619482266.2979,53946.5,0.001,Buy
1619482266.5684,53946.5,0.004,Buy
1619482272.8984,53946.0,0.008,Sell
1619482274.2625,53940.0,0.05,Sell
1619482274.34,53940.0,1.45,Sell
1619482274.34,53940.0,0.38,Sell
1619482274.6347,53920.0,0.003,Sell
1619482274.6347,53910.5,0.149,Sell
1619482274.6347,53932.0,0.098,Sell
1619482274.6347,53920.0,0.003,Sell
1619482274.6417,53904.0,0.001,Sell
1619482274.6417,53900.5,0.151,Sell
1619482274.6417,53909.0,0.2,Sell
1619482274.6417,53907.5,0.047,Sell
1619482274.6417,53910.5,0.051,Sell
1619482274.6608,53900.0,0.02,Sell
1619482274.6608,53898.5,0.24,Sell
1619482274.688,53898.5,3.595,Sell
1619482274.688,53898.0,1.091,Sell
1619482277.9299,53900.5,0.06,Sell
1619482280.8818,53900.5,0.001,Sell
1619482289.9028,53900.5,1.178,Sell
1619482292.5012,53900.0,0.013,Sell
1619482292.5747,53898.0,0.01,Sell
1619482292.5747,53897.0,0.002,Sell
1619482292.5747,53897.0,0.002,Sell
1619482292.8551,53885.5,0.007,Sell
1619482300.2843,53885.5,0.01,Sell
1619482300.607,53885.5,0.009,Sell
1619482301.2124,53885.5,0.017,Sell
1619482301.2124,53885.5,0.174,Sell
1619482301.2124,53885.5,0.226,Sell
1619482301.6271,53885.5,2.487,Sell
1619482302.0245,53885.5,0.114,Sell
1619482302.0245,53885.5,0.099,Sell
1619482302.0245,53885.5,0.787,Sell
1619482302.6616,53885.0,0.004,Sell
1619482302.6616,53880.0,0.006,Sell
1619482302.6837,53878.0,0.13,Sell
1619482304.3662,53874.5,0.02,Buy
1619482306.1058,53874.0,0.021,Sell
1619482306.1058,53874.0,0.005,Sell
1619482306.1388,53873.0,0.001,Sell
1619482306.1388,53873.0,0.001,Sell
1619482306.1576,53870.5,0.002,Sell
1619482306.1576,53870.5,0.002,Sell
1619482307.2492,53869.0,0.211,Sell
1619482307.2492,53869.0,0.001,Sell
1619482307.2492,53858.0,0.788,Sell
1619482308.0127,53858.0,0.249,Sell
1619482310.9267,53858.0,0.029,Sell
1619482312.4907,53858.5,0.009,Buy
1619482316.3812,53858.5,0.5,Buy
1619482323.6324,53858.5,0.022,Buy
1619482327.1484,53858.5,0.001,Buy
1619482327.6575,53858.0,0.08,Sell
1619482329.7365,53857.0,0.001,Sell
1619482334.3461,53856.5,0.005,Buy
1619482334.3461,53856.5,0.23,Buy
1619482340.9854,53858.5,0.004,Buy
1619482343.4917,53856.0,0.031,Sell
1619482343.4917,53856.0,0.005,Sell
1619482343.4917,53856.0,0.004,Sell
1619482344.9839,53856.5,0.027,Buy
1619482345.2168,53853.0,0.001,Sell
1619482345.2168,53853.0,0.005,Sell
1619482345.2237,53853.0,0.001,Sell
1619482353.5995,53850.0,0.051,Sell
1619482356.0207,53850.0,0.033,Sell
1619482356.9147,53850.0,0.006,Sell
1619482361.3269,53850.0,0.002,Sell
1619482361.6714,53850.0,0.108,Sell
1619482361.6714,53850.0,0.002,Sell
1619482361.6714,53850.0,0.003,Sell
1619482361.6714,53850.0,0.002,Sell
1619482361.6714,53850.0,0.002,Sell
1619482361.6714,53850.0,0.017,Sell
1619482361.6714,53850.0,0.194,Sell
1619482362.0006,53850.0,0.014,Sell
1619482369.0639,53850.5,0.388,Buy
1619482369.3347,53850.5,0.215,Buy
1619482378.9818,53850.5,0.091,Buy
1619482387.774,53850.5,0.09,Buy
1619482390.3112,53850.0,0.2,Sell
1619482391.6676,53850.5,0.093,Buy
1619482397.7854,53849.5,0.001,Sell
1619482397.7854,53850.0,0.015,Sell
1619482397.7854,53850.0,0.004,Sell
1619482398.8069,53849.0,0.005,Buy
1619482398.8069,53849.0,0.204,Buy
1619482399.6855,53849.0,0.055,Buy
1619482401.1986,53847.0,0.001,Sell
1619482401.1986,53845.0,0.002,Sell
1619482401.2088,53844.0,0.001,Sell
1619482401.2617,53844.0,0.001,Sell
1619482401.2617,53844.0,0.227,Sell
1619482401.3344,53840.0,0.002,Sell
1619482401.3377,53829.5,0.005,Sell
1619482401.3377,53832.0,0.002,Sell
1619482401.3377,53832.0,0.001,Sell
1619482401.3377,53834.5,0.001,Sell
1619482401.3377,53838.0,0.001,Sell
1619482401.3502,53816.5,0.159,Sell
1619482401.3502,53820.0,0.01,Sell
1619482401.3502,53825.5,0.007,Sell
1619482401.3502,53817.5,0.001,Sell
1619482401.36,53828.5,0.121,Buy
1619482401.36,53828.5,0.007,Buy
1619482401.431,53816.5,0.01,Sell
1619482401.431,53816.5,0.01,Sell
1619482401.4382,53816.5,0.01,Sell
1619482401.4382,53816.5,0.01,Sell
1619482401.4394,53816.5,0.01,Sell
1619482401.4406,53816.5,0.01,Sell
1619482401.4414,53816.5,0.01,Sell
1619482401.4416,53816.5,0.01,Sell
1619482401.4425,53816.5,0.01,Sell
1619482402.1558,53813.0,0.001,Sell
1619482402.1558,53815.0,0.001,Sell
1619482402.1558,53815.0,0.001,Sell
1619482403.0372,53812.5,0.005,Buy
1619482403.0372,53812.5,0.01,Buy
1619482404.7921,53812.5,0.03,Buy
1619482405.3836,53812.5,0.135,Buy
1619482405.994,53812.0,0.001,Sell
1619482409.1616,53812.0,0.02,Sell
1619482410.195,53812.5,0.123,Buy
1619482412.846,53812.0,0.079,Sell
1619482412.846,53810.0,0.796,Sell
1619482412.846,53810.0,0.001,Sell
1619482412.8649,53808.0,0.001,Sell
1619482412.8971,53800.0,0.01,Sell
1619482412.8971,53800.0,0.002,Sell
1619482412.8971,53800.0,0.023,Sell
1619482412.8971,53800.0,0.001,Sell
1619482412.8971,53800.0,0.002,Sell
1619482412.8971,53800.0,0.001,Sell
1619482412.8971,53805.0,0.004,Sell
1619482412.8971,53805.0,0.007,Sell
1619482412.9006,53800.0,0.01,Sell
1619482412.9006,53800.0,0.001,Sell
1619482412.9006,53800.0,0.427,Sell
1619482412.9057,53800.0,0.119,Sell
1619482412.9088,53800.0,0.484,Sell
1619482412.9089,53800.0,0.455,Sell
1619482412.9106,53800.0,0.1,Sell
1619482412.9135,53800.0,0.003,Sell
1619482412.9135,53800.0,0.042,Sell
1619482412.9277,53800.0,0.001,Sell
1619482412.9309,53800.0,0.1,Sell
1619482412.9353,53800.0,0.08,Sell
1619482412.9359,53800.0,0.005,Sell
1619482412.9359,53800.0,0.016,Sell
1619482412.9359,53800.0,0.05,Sell
1619482412.9501,53794.5,0.001,Sell
1619482412.9501,53790.0,0.072,Sell
1619482412.9501,53790.0,0.001,Sell
1619482412.9501,53791.0,0.005,Sell
1619482412.9501,53794.5,0.001,Sell
1619482412.9573,53790.0,0.12,Sell
1619482412.9583,53790.0,0.1,Sell
1619482412.9595,53790.0,0.11,Sell
1619482412.9702,53790.0,0.1,Sell
1619482412.9735,53790.0,0.002,Sell
1619482412.9758,53788.0,0.062,Sell
1619482412.9779,53790.0,0.083,Sell
1619482412.9824,53790.0,0.1,Sell
1619482412.9825,53790.0,0.1,Sell
1619482412.9939,53789.0,0.14,Sell
1619482412.9978,53789.0,0.168,Sell
1619482413.0003,53789.0,0.113,Sell
1619482413.0046,53789.0,0.051,Sell
1619482413.0061,53789.0,0.039,Sell
1619482413.0265,53789.0,0.09,Sell
1619482413.0391,53789.0,0.05,Sell
1619482413.1158,53789.0,0.21,Sell
1619482413.1761,53789.0,0.178,Sell
1619482413.1784,53789.0,0.125,Sell
1619482413.2421,53789.0,0.35,Sell
1619482414.4746,53789.0,0.105,Sell
1619482414.4779,53789.0,0.003,Sell
1619482416.5826,53788.0,0.04,Sell
1619482417.2507,53788.0,0.339,Sell
1619482417.7601,53788.0,0.309,Sell
1619482417.7601,53788.0,0.001,Sell
1619482417.7755,53787.5,0.005,Sell
1619482417.836,53784.0,0.001,Sell
1619482417.8445,53780.0,0.003,Sell
1619482418.5757,53780.5,0.011,Buy
1619482418.5757,53780.5,0.005,Buy
1619482418.9367,53780.0,0.003,Sell
1619482420.0553,53780.0,0.005,Sell
1619482420.0553,53780.0,0.001,Sell
1619482420.0553,53780.0,0.269,Sell
1619482420.1192,53768.0,0.001,Sell
1619482420.1192,53770.0,0.001,Sell
1619482420.1192,53778.0,0.001,Sell
1619482420.1192,53768.0,0.001,Sell
1619482420.1282,53764.0,0.002,Sell
1619482420.1282,53764.0,0.001,Sell
1619482420.1282,53761.5,0.634,Sell
1619482420.3437,53761.5,0.025,Sell
1619482420.875,53762.0,0.002,Buy
1619482421.4757,53761.5,0.238,Sell
1619482422.9201,53751.0,0.002,Sell
1619482422.9201,53745.5,0.219,Sell
1619482422.9201,53745.5,0.85,Sell
1619482422.9201,53749.5,0.005,Sell
1619482422.9201,53750.0,0.003,Sell
1619482422.9201,53758.0,0.001,Sell
1619482422.9201,53750.0,0.025,Sell
1619482422.9201,53760.0,0.03,Sell
1619482422.9201,53761.5,0.03,Sell
1619482422.9201,53758.0,0.001,Sell
1619482422.9201,53760.0,0.002,Sell
1619482422.9395,53745.5,2.542,Sell
1619482422.9395,53762.0,0.13,Buy
1619482422.9395,53745.5,1.206,Sell
1619482422.9396,53745.5,1.445,Sell
1619482426.6176,53746.0,0.012,Sell
1619482427.6716,53746.5,0.001,Buy
1619482431.7752,53746.0,0.2,Sell
1619482434.249,53746.0,0.039,Sell
1619482435.3582,53746.5,0.026,Buy
1619482438.4058,53746.0,0.714,Sell
1619482440.696,53745.5,0.002,Sell
1619482440.696,53746.0,0.02,Sell
1619482440.696,53746.0,0.091,Sell
1619482440.7778,53744.0,0.002,Sell
1619482440.7929,53743.0,0.03,Sell
1619482440.7929,53741.5,0.001,Sell
1619482440.7929,53741.5,0.001,Sell
1619482440.9357,53735.5,0.005,Sell
1619482440.9357,53734.0,0.001,Sell
1619482440.9461,53733.0,0.005,Sell
1619482440.9461,53733.0,0.015,Sell
1619482440.97,53730.0,0.012,Sell
1619482440.97,53731.0,0.002,Sell
1619482440.97,53733.0,0.085,Sell
1619482440.97,53733.0,0.001,Sell
1619482442.6331,53726.0,0.001,Sell
1619482442.6331,53724.0,0.004,Sell
1619482442.6331,53723.0,0.058,Sell
1619482442.6331,53730.0,0.119,Sell
1619482442.6428,53723.0,0.09,Sell
1619482442.8263,53723.5,0.5,Buy
1619482444.6554,53723.0,0.092,Sell
1619482444.6554,53722.5,0.815,Sell
1619482444.8027,53722.0,0.014,Sell
1619482444.996,53711.5,0.108,Sell
1619482444.996,53712.0,0.001,Sell
1619482444.996,53717.0,0.001,Sell
1619482444.996,53720.0,0.05,Sell
1619482444.996,53717.0,0.001,Sell
1619482445.0029,53711.5,0.21,Sell
1619482445.0036,53711.5,0.015,Sell
1619482446.9808,53708.0,0.003,Sell
1619482446.9884,53708.5,0.143,Buy
1619482446.9886,53708.0,0.002,Sell
1619482446.9886,53708.0,0.01,Sell
1619482446.9886,53708.0,0.119,Sell
1619482448.216,53708.0,0.09,Sell
1619482452.2866,53708.0,0.265,Sell
1619482453.4861,53700.0,0.002,Sell
1619482453.4861,53708.0,0.049,Sell
1619482453.4861,53708.0,0.106,Sell
1619482453.4861,53704.0,0.007,Sell
1619482453.4861,53701.0,0.001,Sell
1619482453.4861,53701.0,0.001,Sell
1619482453.4861,53701.0,0.001,Sell
1619482453.4861,53700.0,0.002,Sell
1619482453.4861,53700.0,0.014,Sell
1619482453.4861,53700.0,0.05,Sell
1619482453.4861,53700.0,0.19,Sell
1619482453.4937,53691.0,0.009,Sell
1619482453.4937,53691.0,0.005,Sell
1619482453.4937,53693.0,0.001,Sell
1619482453.4937,53700.0,0.015,Sell
1619482453.494,53691.0,0.04,Sell
1619482453.494,53689.0,0.012,Sell
1619482453.494,53689.0,0.039,Sell
1619482453.494,53690.5,0.001,Sell
1619482453.495,53689.0,1.53,Sell
1619482453.5037,53689.0,0.01,Sell
1619482453.5042,53689.0,0.382,Sell
1619482454.6988,53689.0,1.74,Sell
1619482454.9966,53687.5,0.001,Sell
1619482457.2438,53684.5,0.003,Sell
1619482459.1538,53684.5,0.012,Sell
1619482460.4305,53684.5,0.035,Sell
1619482460.4305,53684.5,0.215,Sell
1619482460.8449,53685.0,0.001,Buy
1619482460.8449,53685.0,0.204,Buy
1619482460.8449,53687.5,0.115,Buy
1619482460.9397,53690.5,0.003,Buy
1619482460.9397,53690.5,0.003,Buy
1619482462.9489,53700.0,0.001,Buy
1619482463.7401,53700.0,0.019,Buy
1619482463.7401,53700.0,0.248,Buy
1619482464.971,53700.0,0.015,Buy
1619482465.5087,53700.0,0.212,Buy
1619482465.5701,53700.0,0.02,Buy
1619482466.6549,53700.0,0.03,Buy
1619482467.9128,53699.5,0.005,Sell
1619482467.9128,53699.5,0.001,Sell
1619482470.9808,53700.0,0.007,Buy
1619482472.1361,53699.5,0.005,Sell
1619482472.1361,53699.5,0.018,Sell
1619482472.4262,53700.0,0.01,Buy
1619482472.4262,53700.0,0.121,Buy
1619482475.235,53699.5,0.172,Sell
1619482477.1343,53700.0,0.009,Buy
1619482477.1343,53700.0,0.001,Buy
1619482478.744,53700.0,0.121,Buy
1619482478.744,53700.0,0.088,Buy
1619482478.744,53700.0,0.091,Buy
1619482479.6905,53700.0,0.05,Buy
1619482480.005,53700.0,0.041,Buy
1619482480.005,53720.0,0.133,Buy
1619482480.0122,53719.5,0.016,Buy
1619482480.5606,53719.5,0.017,Buy
1619482481.2116,53720.0,0.034,Buy
1619482481.2146,53720.0,0.033,Buy
1619482481.2146,53730.0,0.001,Buy
1619482481.8695,53730.0,2.0,Buy
1619482482.336,53730.0,0.05,Buy
1619482483.2623,53730.0,0.949,Buy
1619482483.3201,53743.5,0.003,Buy
1619482483.3201,53743.5,0.003,Buy
1619482483.5293,53747.0,0.15,Buy
1619482487.5249,53747.0,1.46,Buy
1619482487.7163,53746.5,0.011,Sell
1619482487.7163,53746.5,0.012,Sell
1619482488.5888,53746.5,0.955,Sell
1619482489.0314,53747.0,0.191,Buy
1619482490.1924,53747.0,0.018,Buy
1619482490.773,53747.0,0.363,Buy
1619482492.225,53747.0,0.818,Buy
1619482492.2657,53750.0,0.005,Buy
1619482492.2997,53758.0,0.001,Buy
1619482492.2997,53758.0,0.001,Buy
1619482492.6774,53772.0,0.005,Buy
1619482492.6774,53770.0,0.003,Buy
1619482492.6774,53770.0,0.003,Buy
1619482492.6806,53772.0,0.006,Buy
1619482493.9932,53781.5,0.001,Sell
1619482493.9991,53782.0,0.196,Buy
1619482493.9991,53782.0,0.132,Buy
1619482497.3023,53782.0,0.047,Buy
1619482497.3023,53783.0,0.453,Buy
1619482498.324,53784.0,0.003,Sell
1619482499.4864,53784.5,0.043,Buy
1619482499.9486,53784.5,0.314,Buy
1619482501.4798,53784.5,0.015,Buy
1619482502.6138,53784.5,0.135,Buy
1619482503.1236,53784.0,0.025,Sell
1619482503.4758,53784.5,0.024,Buy
1619482504.0643,53787.5,0.006,Buy
1619482506.2547,53791.0,0.005,Buy
1619482506.2547,53790.0,0.001,Buy
1619482507.3028,53795.5,0.131,Buy
1619482510.9442,53796.5,0.002,Buy
1619482510.9442,53796.5,0.002,Buy
1619482511.8541,53809.5,0.096,Buy
1619482511.8541,53805.0,0.007,Buy
1619482511.8541,53800.0,0.01,Buy
1619482511.8541,53800.0,0.05,Buy
1619482511.8541,53805.0,0.004,Buy
1619482511.8713,53809.5,0.25,Buy
1619482512.5102,53814.0,0.5,Buy
1619482512.9962,53815.0,0.001,Buy
1619482512.9962,53815.0,0.001,Buy
1619482516.6464,53820.0,0.005,Sell
1619482516.6464,53820.0,0.002,Sell
1619482516.6464,53820.0,0.013,Sell
1619482517.2171,53820.5,0.03,Buy
1619482519.8701,53820.5,0.26,Buy
1619482519.8701,53820.5,0.05,Buy
1619482522.1393,53820.5,0.007,Buy
1619482522.776,53820.5,0.026,Buy
1619482522.9481,53820.0,0.001,Sell
1619482526.698,53818.0,0.008,Sell
1619482527.3304,53818.0,0.042,Sell
1619482527.5557,53813.0,0.05,Sell
1619482527.6595,53811.0,0.05,Sell
1619482529.8246,53809.0,0.059,Sell
1619482529.8246,53807.0,0.05,Sell
1619482529.8246,53797.0,0.03,Sell
1619482529.8246,53784.5,0.004,Sell
1619482530.6887,53784.0,0.005,Sell
1619482531.0399,53784.0,0.028,Sell
1619482531.0399,53784.0,0.972,Sell
1619482532.5299,53784.0,0.1,Sell
1619482533.3464,53784.5,0.473,Buy
1619482534.305,53784.5,0.017,Buy
1619482536.845,53784.0,0.191,Sell
1619482540.1796,53784.0,0.001,Sell
1619482540.1796,53784.0,0.3,Sell
1619482540.1796,53784.0,0.357,Sell
1619482540.1796,53784.0,0.017,Sell
1619482540.1796,53784.0,0.125,Sell
1619482540.5653,53784.5,0.114,Buy
1619482542.9182,53784.0,0.017,Sell
1619482543.5663,53783.5,0.03,Sell
1619482543.5663,53783.5,0.05,Sell
1619482543.5663,53783.0,0.03,Sell
1619482543.6251,53783.0,0.005,Sell
1619482543.6275,53783.0,0.005,Sell
1619482543.6423,53783.0,0.56,Sell
1619482543.7306,53780.5,0.03,Sell
1619482543.7692,53778.0,0.05,Sell
1619482543.8188,53771.5,0.002,Sell
1619482543.8188,53771.5,0.002,Sell
1619482544.8819,53765.5,1.201,Buy
1619482546.6861,53765.0,0.001,Sell
1619482547.037,53765.0,0.049,Sell
1619482547.0965,53758.0,0.001,Sell
1619482547.0965,53758.0,0.001,Sell
1619482547.1546,53745.0,0.002,Sell
1619482547.1546,53745.0,0.002,Sell
1619482547.1546,53740.0,0.001,Sell
1619482548.2535,53739.5,0.2,Sell
1619482550.3166,53730.0,0.007,Sell
1619482550.3166,53733.0,0.001,Sell
1619482550.3166,53738.0,0.001,Sell
1619482550.4182,53729.0,0.005,Buy
1619482550.4182,53729.0,0.045,Buy
1619482553.069,53729.0,0.051,Buy
1619482553.7603,53726.5,0.047,Sell
1619482554.5741,53727.0,0.001,Buy
1619482554.7988,53726.5,0.003,Sell
1619482554.7988,53726.5,0.044,Sell
1619482554.8355,53726.5,0.006,Sell
1619482557.4283,53725.5,0.003,Sell
1619482558.6056,53725.5,0.027,Sell
1619482558.6234,53724.0,0.004,Sell
1619482559.3015,53718.5,0.002,Sell
1619482559.3015,53718.5,0.002,Sell
1619482560.3161,53706.5,0.003,Sell
1619482560.333,53706.5,0.131,Sell
1619482566.7777,53703.5,0.01,Sell
1619482566.7777,53705.0,0.05,Sell
1619482566.7777,53704.0,0.007,Sell
1619482566.7777,53703.0,0.073,Sell
1619482567.0186,53701.0,0.001,Sell
1619482567.0186,53701.0,0.001,Sell
1619482567.0186,53699.5,0.005,Sell
1619482567.0186,53699.5,0.016,Sell
1619482567.0186,53703.0,0.027,Sell
1619482569.6642,53700.0,0.013,Buy
1619482569.6642,53700.0,0.626,Buy
1619482569.971,53699.5,0.11,Sell
1619482574.9931,53700.0,0.007,Buy
1619482577.2279,53694.0,1.68,Sell
1619482577.2279,53697.0,0.05,Sell
1619482577.2279,53699.5,0.166,Sell
1619482577.2279,53699.5,0.974,Sell
1619482577.2279,53699.0,0.001,Sell
1619482577.3915,53694.0,1.037,Sell
1619482577.5192,53694.0,0.026,Sell
1619482578.8698,53694.0,0.478,Sell
1619482580.7965,53689.0,0.371,Sell
1619482580.7965,53692.0,0.001,Sell
1619482580.7965,53691.0,0.005,Sell
1619482580.7965,53692.5,0.03,Sell
1619482580.7965,53693.0,0.05,Sell
1619482580.7965,53693.0,1.08,Sell
1619482580.7965,53692.0,0.001,Sell
1619482581.2398,53693.0,0.017,Sell
1619482581.2398,53693.0,0.724,Sell
1619482582.5129,53693.0,0.008,Sell
1619482582.8205,53684.0,0.005,Sell
1619482582.8205,53684.0,0.005,Sell
1619482582.824,53684.0,0.005,Sell
1619482584.0682,53683.5,0.138,Buy
1619482584.1628,53683.0,0.025,Sell
1619482584.1628,53683.0,0.125,Sell
1619482584.5792,53683.0,0.006,Sell
1619482584.586,53683.0,0.001,Sell
1619482584.891,53683.0,0.15,Sell
1619482585.5838,53683.0,0.001,Sell
1619482585.614,53682.5,0.942,Buy
1619482585.6364,53683.0,0.143,Sell
1619482585.6448,53683.0,0.877,Sell
1619482586.3779,53683.0,0.02,Sell
1619482586.8478,53683.5,0.009,Buy
1619482587.9004,53683.0,1.046,Sell
1619482588.2178,53683.0,0.006,Sell
1619482588.2203,53683.0,0.001,Sell
1619482588.3561,53682.0,0.001,Sell
1619482589.1415,53681.5,0.001,Buy
1619482589.1415,53681.5,0.005,Buy
1619482589.1415,53681.5,0.057,Buy
1619482590.6743,53681.0,0.05,Sell
1619482590.6743,53681.0,0.117,Sell
1619482591.7773,53681.0,0.007,Sell
1619482592.6007,53681.0,0.028,Sell
1619482594.3001,53681.0,0.018,Sell
1619482595.7682,53681.0,0.009,Sell
1619482595.9561,53681.5,0.001,Buy
1619482595.9744,53687.5,0.017,Buy
1619482596.773,53688.5,0.05,Buy
1619482596.773,53688.5,0.13,Buy
1619482607.8586,53702.5,0.001,Sell
1619482611.9645,53703.0,0.02,Buy
1619482611.9762,53703.0,0.139,Buy
1619482612.7677,53702.5,0.043,Sell
1619482612.7677,53702.5,0.069,Sell
1619482613.5558,53702.5,0.007,Sell
1619482614.1365,53702.0,0.067,Buy
1619482614.1365,53702.0,0.005,Buy
1619482621.461,53701.5,0.018,Sell
1619482622.9793,53702.0,0.001,Buy
1619482624.1581,53701.5,0.01,Sell
1619482625.0361,53702.0,0.049,Buy
1619482625.3455,53702.0,0.257,Buy
1619482631.0104,53701.5,0.001,Sell
1619482642.032,53702.0,0.038,Buy
1619482642.032,53702.0,0.07,Buy
1619482642.3476,53702.0,0.143,Buy
1619482642.4362,53702.0,0.008,Buy
1619482642.4362,53702.0,0.042,Buy
1619482642.9552,53702.0,0.05,Buy
1619482642.9552,53702.0,0.5,Buy
1619482642.9996,53703.0,0.001,Buy
1619482643.5209,53713.0,0.071,Buy
1619482643.9562,53713.0,0.088,Buy
1619482644.02,53720.5,0.003,Buy
1619482644.02,53720.5,0.003,Buy
1619482650.2867,53748.0,0.2,Buy
1619482650.2867,53748.0,0.115,Buy
1619482650.5555,53748.0,0.039,Buy
1619482651.6366,53747.5,0.012,Sell
1619482666.131,53736.5,0.2,Buy
1619482666.131,53736.5,0.07,Buy
1619482666.131,53736.5,0.3,Buy
1619482666.131,53736.5,1.048,Buy
1619482671.5465,53748.0,0.001,Buy
1619482671.8301,53747.5,0.943,Sell
1619482677.4584,53748.0,0.001,Buy
1619482681.8402,53747.5,0.001,Sell
1619482683.9484,53728.0,0.014,Buy
1619482684.2177,53727.5,0.063,Sell
1619482684.2177,53727.5,0.055,Sell
1619482684.2669,53720.5,0.001,Sell
1619482684.3341,53720.5,0.005,Buy
1619482684.3341,53720.5,0.001,Buy
1619482686.7606,53720.0,0.007,Sell
1619482686.7606,53720.0,0.26,Sell
1619482688.6764,53720.0,0.045,Sell
1619482689.4049,53720.5,0.001,Buy
1619482689.4049,53720.5,0.362,Buy
1619482689.4049,53720.5,3.58,Buy
1619482689.4049,53720.5,1.057,Buy
1619482689.6881,53720.5,0.001,Buy
1619482692.0283,53720.5,1.618,Buy
1619482695.3097,53720.0,0.173,Sell
1619482696.6319,53720.0,0.045,Sell
1619482698.6082,53720.5,0.07,Buy
1619482701.5375,53748.5,0.002,Buy
1619482701.5375,53748.5,0.002,Buy
1619482701.6825,53758.0,0.001,Buy
1619482701.6825,53758.0,0.001,Buy
1619482701.6825,53758.0,0.926,Buy
1619482701.6825,53758.0,0.017,Buy
1619482701.6825,53760.5,0.158,Buy
1619482705.5524,53761.5,1.418,Buy
1619482705.5524,53761.5,0.2,Buy
1619482705.6724,53761.0,0.008,Sell
1619482712.1936,53761.0,5.0,Sell
1619482715.0582,53761.5,0.02,Buy
1619482719.2848,53761.5,0.003,Buy
1619482721.5131,53761.0,0.11,Sell
1619482723.2402,53761.0,0.888,Sell
1619482724.1876,53757.5,0.145,Sell
1619482725.5438,53741.5,0.001,Sell
1619482730.2738,53724.0,0.001,Buy
1619482730.4295,53712.5,0.046,Sell
1619482730.4295,53723.5,0.002,Sell
1619482730.4295,53723.5,0.002,Sell
1619482730.5901,53709.0,0.12,Buy
1619482732.1097,53708.5,0.016,Sell
1619482739.6865,53708.5,0.013,Sell
1619482743.089,53708.5,0.008,Sell
1619482748.9796,53709.0,0.007,Buy
1619482749.7535,53723.5,0.001,Sell
1619482754.8183,53724.0,0.005,Buy
1619482759.2786,53724.0,0.001,Buy
1619482761.3987,53749.0,0.031,Buy
1619482765.3177,53749.0,0.01,Buy
1619482775.2365,53748.5,0.015,Sell
1619482782.0164,53748.5,0.01,Sell
1619482784.7811,53749.0,0.001,Buy
1619482786.2377,53750.0,0.002,Buy
1619482786.2377,53750.0,0.002,Buy
1619482790.2382,53774.5,0.138,Sell
1619482796.5641,53774.5,0.02,Sell
1619482799.3686,53775.0,0.02,Buy
1619482801.6691,53775.0,0.016,Buy
1619482801.6691,53775.0,0.76,Buy
1619482805.0703,53775.0,0.02,Buy
1619482805.0703,53775.0,0.025,Buy
1619482805.2469,53775.0,0.185,Buy
1619482806.5956,53775.0,2.184,Buy
1619482806.5956,53775.0,0.177,Buy
1619482806.5956,53775.0,2.639,Buy
1619482807.0727,53775.0,0.006,Buy
1619482810.66,53775.0,0.034,Buy
1619482811.0282,53775.0,0.129,Buy
1619482816.5019,53778.0,0.05,Sell
1619482818.5156,53778.5,0.002,Buy
1619482818.5156,53778.5,0.002,Buy
1619482818.5724,53783.5,0.745,Sell
1619482819.2211,53783.5,0.2,Sell
1619482820.3372,53784.0,0.626,Buy
1619482820.3372,53784.0,0.541,Buy
1619482820.3372,53784.0,0.009,Buy
1619482820.3814,53790.0,0.001,Buy
1619482820.3814,53791.0,0.005,Buy
1619482820.5499,53798.5,0.015,Buy
1619482821.0781,53799.0,0.01,Buy
1619482824.7901,53800.0,0.021,Buy
1619482825.426,53800.0,0.029,Buy
1619482825.5025,53805.0,0.004,Buy
1619482825.5025,53805.0,0.007,Buy
1619482825.5025,53806.5,0.002,Buy
1619482825.5025,53806.5,0.002,Buy
1619482827.1196,53815.0,0.001,Buy
1619482827.1196,53815.0,0.001,Buy
1619482829.0457,53818.0,1.08,Sell
1619482829.0457,53818.0,3.92,Sell
1619482829.1085,53818.5,0.189,Buy
1619482829.2182,53818.5,0.25,Buy
1619482841.4538,53818.0,0.001,Sell
1619482841.4538,53818.0,0.001,Sell
1619482846.4995,53800.0,0.138,Sell
1619482846.4995,53800.0,0.05,Sell
1619482846.5065,53783.5,0.015,Sell
1619482852.5248,53783.5,0.029,Sell
1619482852.5248,53783.5,0.007,Sell
1619482863.093,53783.5,0.017,Sell
1619482863.093,53783.5,0.001,Sell
1619482864.1765,53762.0,0.09,Sell
1619482864.1765,53765.0,0.001,Sell
1619482864.1765,53765.0,0.001,Sell
1619482864.1765,53780.0,0.003,Sell
1619482864.1765,53774.0,0.001,Sell
1619482864.1765,53775.5,0.152,Sell
1619482864.1765,53780.0,0.003,Sell
1619482864.1765,53770.0,0.05,Sell
1619482864.65,53762.0,0.011,Sell
1619482866.6747,53762.0,0.129,Sell
1619482866.9114,53762.0,0.171,Sell
1619482866.9114,53762.0,0.017,Sell
1619482866.9114,53760.0,0.007,Sell
1619482868.3333,53758.0,0.001,Sell
1619482868.3333,53758.0,0.001,Sell
1619482868.3333,53758.0,0.017,Sell
1619482873.8219,53758.0,0.029,Sell
1619482875.3928,53758.0,0.017,Sell
1619482878.6799,53758.0,0.2,Sell
1619482878.7259,53756.5,0.001,Sell
1619482878.8804,53755.5,0.002,Sell
1619482878.8804,53755.5,0.002,Sell
1619482881.3933,53748.5,0.001,Sell
1619482881.3933,53748.5,0.005,Sell
1619482882.6806,53741.0,0.001,Sell
1619482882.7149,53740.0,0.05,Sell
1619482882.7149,53740.0,0.04,Sell
1619482883.2589,53736.0,0.001,Sell
1619482883.29,53734.5,0.014,Buy
1619482884.0476,53732.0,0.04,Sell
1619482884.0476,53729.0,0.002,Sell
1619482884.0476,53729.0,0.002,Sell
1619482884.0476,53724.0,0.004,Sell
1619482884.0476,53723.5,0.118,Sell
1619482884.0476,53733.0,0.001,Sell
1619482884.1685,53724.0,0.167,Sell
1619482885.7692,53724.0,0.001,Sell
1619482885.9388,53724.0,0.021,Sell
1619482887.3762,53724.0,0.001,Sell
1619482889.5862,53724.0,0.02,Sell
1619482891.2883,53724.5,0.136,Buy
1619482894.7494,53724.0,0.017,Sell
1619482896.5617,53724.0,0.017,Sell
1619482896.8089,53724.0,0.003,Sell
1619482901.7607,53723.5,0.005,Sell
1619482904.1812,53723.5,0.073,Sell
1619482904.1812,53723.5,0.157,Sell
1619482906.993,53722.5,0.001,Sell
1619482906.993,53720.0,0.198,Sell
1619482907.6275,53720.0,0.166,Sell
1619482907.8727,53713.0,0.001,Sell
1619482911.7316,53704.0,0.007,Sell
1619482911.7316,53704.0,0.211,Sell
1619482913.9038,53700.0,0.014,Sell
1619482913.9038,53700.0,0.001,Sell
1619482913.9038,53701.0,0.01,Sell
1619482913.9038,53701.0,0.001,Sell
1619482913.9038,53702.5,0.001,Sell
1619482913.9038,53702.5,0.001,Sell
1619482913.9038,53701.0,0.001,Sell
1619482913.9038,53701.5,0.021,Sell
1619482913.9121,53700.0,0.021,Sell
1619482914.9296,53700.5,0.004,Buy
1619482921.9293,53700.5,0.004,Buy
1619482928.5535,53700.0,0.001,Sell
1619482928.5535,53700.0,0.001,Sell
1619482928.5535,53700.0,0.045,Sell
1619482928.5535,53700.0,0.025,Sell
1619482930.9748,53700.5,0.373,Buy
1619482941.8771,53700.0,0.005,Sell
1619482943.1626,53700.0,0.06,Sell
1619482944.6202,53700.0,0.034,Sell
1619482944.6202,53700.0,0.276,Sell
1619482945.1018,53700.0,0.005,Sell
1619482946.1976,53700.0,0.071,Sell
1619482951.5744,53700.0,0.032,Sell
1619482952.2142,53700.0,0.04,Sell
1619482954.8418,53700.0,0.1,Sell
1619482955.9351,53700.5,0.015,Buy
1619482963.7931,53700.5,0.01,Buy
1619482964.8945,53700.0,0.074,Sell
1619482969.8474,53700.0,0.015,Sell
1619482972.7118,53700.0,0.001,Sell
1619482973.6899,53700.0,3.006,Sell
1619482973.6899,53700.0,0.018,Sell
1619482973.6899,53700.0,2.0,Sell
1619482975.7473,53699.0,0.016,Buy
1619482975.7972,53698.5,0.006,Sell
1619482975.7972,53698.5,0.059,Sell
1619482977.9293,53698.5,0.006,Sell
1619482980.2462,53698.5,0.006,Sell
1619482980.5319,53699.0,0.01,Buy
1619482981.4529,53698.5,0.05,Sell
1619482982.397,53699.0,0.001,Buy
1619482984.0551,53699.0,0.073,Buy
1619482984.0551,53699.0,0.001,Buy
1619482984.0551,53699.0,0.017,Buy
1619482984.1322,53700.5,0.191,Buy
1619482984.1322,53700.5,0.004,Buy
1619482984.1322,53700.5,0.1,Buy
1619482984.1781,53702.5,0.003,Buy
1619482984.1781,53702.5,0.003,Buy
1619482984.9771,53702.5,0.1,Sell
1619482984.9771,53702.5,0.006,Sell
1619482984.9771,53702.5,0.005,Sell
1619482985.6163,53705.5,0.002,Buy
1619482985.6163,53705.5,0.002,Buy
1619482988.4105,53711.0,0.058,Sell
1619482989.3196,53709.0,0.001,Sell
1619482993.1812,53707.0,0.058,Buy
1619482993.1812,53707.0,0.002,Buy
1619482995.2652,53707.0,0.008,Buy
1619482997.23,53707.0,0.024,Buy
1619482997.8461,53706.0,0.55,Buy
1619483001.5253,53705.5,0.002,Sell
1619483001.5253,53705.5,0.006,Sell
1619483001.5253,53705.5,0.002,Sell
1619483004.7474,53706.0,0.012,Buy
1619483006.4247,53705.5,0.339,Sell
1619483008.2852,53705.5,0.1,Sell
1619483010.7716,53703.5,1.031,Buy
1619483015.7731,53703.5,1.1,Buy
1619483018.3859,53703.0,0.034,Sell
1619483019.467,53703.0,0.004,Sell
1619483019.9014,53703.5,0.54,Buy
1619483029.5269,53703.0,0.051,Sell
1619483034.7567,53703.0,0.004,Sell
1619483036.6171,53703.0,0.014,Sell
1619483038.173,53703.0,0.005,Sell
1619483044.0558,53703.0,0.083,Sell
1619483044.0558,53703.0,0.075,Sell
1619483046.5808,53703.0,0.018,Sell
1619483048.9218,53703.5,0.037,Buy
1619483053.6641,53703.5,0.1,Buy
1619483062.2309,53703.0,0.011,Sell
1619483069.462,53703.5,0.1,Buy
1619483076.2212,53703.0,0.136,Sell
1619483077.2268,53703.5,0.005,Buy
1619483079.8487,53703.5,0.008,Buy
1619483083.314,53703.0,0.01,Sell
1619483085.1311,53703.0,0.01,Sell
1619483088.176,53703.0,0.04,Sell
1619483088.176,53703.0,0.094,Sell
1619483091.4246,53703.0,0.02,Sell
1619483098.476,53703.5,0.005,Buy
1619483103.6502,53703.0,0.1,Sell
1619483108.0156,53703.5,0.08,Buy
1619483109.6933,53703.5,0.005,Buy
1619483109.9672,53703.0,0.035,Sell
1619483110.0418,53703.0,4.454,Sell
1619483110.0431,53703.0,0.05,Sell
1619483110.0431,53703.0,3.297,Sell
1619483110.0431,53702.5,0.127,Sell
1619483110.0431,53703.0,0.001,Sell
1619483110.0606,53702.5,1.031,Sell
1619483110.0624,53702.5,0.007,Sell
1619483110.0902,53702.5,0.019,Sell
1619483110.0902,53701.5,0.086,Sell
1619483110.0902,53701.5,7.895,Sell
1619483110.0913,53699.0,0.001,Sell
1619483110.0913,53700.0,0.003,Sell
1619483110.0913,53700.0,0.05,Sell
1619483110.0913,53701.5,2.105,Sell
1619483110.0933,53698.0,0.03,Sell
1619483110.1264,53691.0,0.005,Sell
1619483110.1264,53692.0,0.001,Sell
1619483110.1264,53690.0,0.001,Sell
1619483110.1397,53688.5,0.304,Buy
1619483110.1408,53687.0,0.05,Sell
1619483110.1931,53680.0,0.023,Sell
1619483110.1931,53683.0,0.001,Sell
1619483110.1931,53684.0,0.001,Sell
1619483110.1931,53680.0,0.038,Sell
1619483110.1931,53680.0,0.191,Sell
1619483110.1976,53679.0,0.001,Sell
1619483110.1976,53680.0,0.162,Sell
1619483110.1976,53679.0,0.05,Sell
1619483110.1976,53679.0,0.004,Sell
1619483110.1976,53679.0,0.002,Sell
1619483110.1976,53679.0,0.136,Sell
1619483110.1976,53679.0,0.002,Sell
1619483110.2025,53684.0,0.027,Sell
1619483110.2025,53679.0,0.245,Sell
1619483110.2151,53679.5,0.209,Sell
1619483110.2326,53679.5,0.018,Sell
1619483110.2418,53679.5,0.515,Sell
1619483110.2575,53679.5,0.057,Sell
1619483110.2614,53679.5,0.204,Sell
1619483110.2732,53679.5,0.196,Sell
1619483110.2914,53679.5,4.444,Sell
1619483110.3059,53679.5,0.056,Sell
1619483110.3188,53679.5,0.206,Sell
1619483110.3195,53679.5,0.205,Sell
1619483110.3401,53679.5,0.201,Sell
1619483110.3493,53679.5,0.354,Sell
1619483110.359,53678.5,0.001,Sell
1619483110.359,53677.5,0.001,Sell
1619483110.359,53677.5,0.359,Sell
1619483110.5119,53674.0,0.002,Sell
1619483110.5119,53674.5,0.001,Sell
1619483110.5119,53676.0,0.001,Sell
1619483110.5119,53673.5,0.233,Sell
1619483110.5226,53673.5,0.215,Sell
1619483110.547,53673.5,0.267,Sell
1619483110.6347,53670.0,0.004,Sell
1619483110.6347,53670.0,0.002,Sell
1619483110.6347,53670.0,0.001,Sell
1619483110.636,53666.5,4.589,Sell
1619483110.636,53666.5,0.44,Sell
1619483110.636,53667.0,2.971,Sell
1619483110.636,53667.0,8.999,Sell
1619483110.636,53667.0,0.001,Sell
1619483110.6397,53666.0,0.025,Sell
1619483110.6397,53666.5,5.919,Sell
1619483110.6397,53666.0,1.531,Sell
1619483110.6397,53666.0,0.025,Sell
1619483110.6397,53666.0,0.5,Sell
1619483110.6405,53665.5,2.721,Sell
1619483110.6405,53666.0,7.279,Sell
1619483110.6443,53665.5,0.009,Sell
1619483110.653,53665.0,0.003,Sell
1619483110.6617,53665.0,0.003,Sell
1619483110.6617,53663.5,0.105,Sell
1619483110.6735,53665.5,7.0,Buy
1619483110.6737,53665.5,2.554,Buy
1619483110.6737,53666.0,6.764,Buy
1619483110.6737,53666.5,0.682,Buy
1619483110.6972,53663.5,9.0,Buy
1619483110.6972,53663.5,0.554,Buy
1619483110.6972,53664.0,6.446,Buy
1619483110.9789,53660.0,0.001,Sell
1619483110.9897,53655.5,0.092,Sell
1619483110.9897,53656.0,0.001,Sell
1619483110.9897,53656.0,0.001,Sell
1619483111.012,53652.0,0.014,Sell
1619483111.012,53652.0,0.11,Sell
1619483111.012,53652.5,0.001,Sell
1619483111.012,53652.0,0.19,Sell
1619483111.2265,53650.5,0.032,Sell
1619483111.2329,53650.0,0.003,Sell
1619483111.2329,53650.0,0.4,Sell
1619483111.2329,53650.0,0.025,Sell
1619483111.2329,53650.0,0.001,Sell
1619483111.2329,53650.0,1.541,Sell
1619483111.2329,53650.0,0.05,Sell
1619483111.2405,53649.0,0.02,Sell
1619483111.4346,53648.0,0.044,Sell
1619483111.4469,53636.5,0.181,Sell
1619483111.4469,53647.0,0.001,Sell
1619483111.4469,53647.0,0.002,Sell
1619483111.4469,53644.0,0.004,Sell
1619483111.4469,53644.0,0.002,Sell
1619483111.4469,53643.5,0.005,Sell
1619483111.4469,53645.0,0.001,Sell
1619483111.4469,53640.5,0.001,Sell
1619483111.4469,53642.0,0.001,Sell
1619483111.4469,53643.0,0.001,Sell
1619483111.4469,53643.0,0.001,Sell
1619483111.4559,53636.5,0.074,Sell
1619483111.4568,53636.5,0.627,Sell
1619483112.27,53633.0,0.2,Sell
1619483112.2766,53630.0,0.002,Sell
1619483112.2766,53630.0,0.02,Sell
1619483112.2766,53629.5,0.002,Sell
1619483112.2766,53629.5,0.001,Sell
1619483112.2766,53629.5,0.001,Sell
1619483112.2766,53622.0,0.001,Sell
1619483112.2766,53622.0,0.006,Sell
1619483112.2857,53622.0,0.075,Sell
1619483112.5489,53622.5,0.2,Sell
1619483112.5489,53620.0,0.001,Sell
1619483112.5489,53622.5,0.017,Sell
1619483112.5489,53618.5,0.082,Sell
1619483112.5489,53619.0,0.001,Sell
1619483112.5722,53618.5,0.093,Sell
1619483112.5902,53618.5,0.007,Sell
1619483112.9398,53618.0,0.1,Sell
1619483113.4691,53618.0,0.004,Sell
1619483113.6996,53607.5,0.352,Sell
1619483113.6996,53608.0,0.005,Sell
1619483113.7069,53607.5,0.5,Sell
1619483113.7653,53607.5,0.505,Sell
1619483114.1941,53604.0,0.007,Sell
1619483114.1941,53604.0,0.2,Sell
1619483114.1941,53604.0,0.001,Sell
1619483114.2574,53603.0,0.001,Sell
1619483114.2574,53603.0,0.001,Sell
1619483114.4636,53600.0,0.07,Sell
1619483114.4636,53600.0,0.02,Sell
1619483114.4636,53600.0,0.001,Sell
1619483114.4636,53600.0,0.001,Sell
1619483114.4636,53600.0,0.1,Sell
1619483114.4636,53599.5,0.036,Sell
1619483114.4636,53600.0,0.005,Sell
1619483114.4636,53600.0,0.06,Sell
1619483114.4636,53600.0,0.033,Sell
1619483114.4636,53600.0,0.002,Sell
1619483114.4636,53600.0,0.001,Sell
1619483114.4636,53600.0,0.001,Sell
1619483114.4636,53600.0,0.002,Sell
1619483114.4637,53591.5,0.171,Sell
1619483114.4638,53591.5,0.473,Sell
1619483114.4638,53591.5,0.135,Sell
1619483114.4642,53591.5,1.0,Sell
1619483114.465,53600.5,0.145,Buy
1619483114.465,53600.5,0.005,Buy
1619483114.4734,53591.5,0.115,Sell
1619483114.7142,53591.5,0.804,Sell
1619483115.8888,53600.5,0.07,Buy
1619483116.5637,53629.0,0.2,Sell
1619483116.6989,53629.0,0.094,Sell
1619483117.6487,53629.5,5.994,Buy
1619483117.6487,53629.5,0.003,Buy
1619483117.6487,53629.5,0.003,Buy
1619483117.6487,53629.5,2.0,Buy
1619483121.5902,53629.5,0.02,Buy
1619483121.6072,53629.0,0.004,Sell
1619483121.6072,53628.0,0.076,Sell
1619483121.8214,53623.5,0.024,Buy
1619483121.9422,53617.0,0.037,Sell
1619483122.0578,53615.0,0.004,Sell
1619483122.0578,53617.0,0.033,Sell
1619483124.4032,53610.0,0.003,Buy
1619483124.478,53609.5,0.018,Sell
1619483125.8188,53627.5,0.129,Sell
1619483130.1607,53628.0,0.001,Buy
1619483131.1721,53628.0,0.22,Buy
1619483131.5045,53628.0,0.027,Buy
1619483131.6003,53628.0,0.026,Buy
1619483132.4137,53617.0,0.05,Buy
1619483132.5154,53616.5,0.032,Sell
1619483134.958,53603.0,0.001,Sell
1619483134.958,53603.0,0.001,Sell
1619483134.958,53603.0,0.098,Sell
1619483135.1404,53603.0,0.005,Sell
1619483135.7257,53603.0,2.117,Sell
1619483136.9071,53603.0,0.1,Sell
1619483137.3293,53603.0,0.129,Sell
1619483138.2761,53603.0,0.2,Sell
1619483139.4059,53603.0,0.011,Sell
1619483142.785,53603.5,0.004,Buy
1619483143.5036,53603.0,0.015,Sell
1619483144.2812,53603.5,0.1,Buy
1619483148.5599,53603.5,0.022,Buy
1619483151.8477,53603.0,0.022,Sell
1619483153.3942,53603.5,0.002,Buy
1619483153.6411,53603.0,0.002,Sell
1619483154.394,53603.0,0.008,Sell
1619483156.1134,53603.0,0.034,Sell
1619483156.2097,53603.0,0.026,Sell
1619483156.2097,53603.0,0.2,Sell
1619483156.2097,53603.0,0.702,Sell
1619483157.2027,53603.0,0.446,Sell
1619483162.5336,53603.0,0.1,Sell
1619483164.2448,53603.0,0.024,Sell
1619483164.2448,53603.0,0.02,Sell
1619483164.2448,53603.0,0.006,Sell
1619483165.3708,53603.0,0.01,Sell
1619483165.3708,53603.0,0.035,Sell
1619483166.1388,53603.5,0.023,Buy
1619483168.1842,53603.0,0.023,Sell
1619483168.1842,53602.5,0.509,Sell
1619483168.3815,53603.0,0.012,Buy
1619483168.3815,53603.0,0.002,Buy
1619483168.5862,53602.5,0.264,Sell
1619483169.509,53601.5,0.973,Sell
1619483171.6681,53601.0,0.033,Sell
1619483174.3886,53601.5,0.01,Buy
1619483176.1862,53601.0,0.1,Sell
1619483176.3695,53601.5,0.017,Buy
1619483176.901,53601.5,0.001,Buy
1619483178.3862,53601.5,0.646,Buy
1619483178.3862,53601.5,0.354,Buy
1619483184.4173,53602.0,0.001,Buy
1619483186.9859,53603.5,0.221,Buy
1619483186.9859,53603.0,0.07,Buy
1619483186.9859,53602.0,0.199,Buy
1619483186.9859,53605.0,0.386,Buy
1619483186.9859,53604.0,0.02,Buy
1619483187.1642,53604.5,0.004,Sell
1619483188.3083,53604.5,0.123,Sell
1619483188.3083,53604.5,0.008,Sell
1619483189.7707,53605.0,0.035,Buy
1619483190.2646,53605.0,0.042,Buy
1619483190.8846,53604.5,0.083,Sell
1619483192.378,53605.0,0.004,Buy
1619483193.8114,53605.0,0.136,Buy
1619483195.7635,53604.5,0.036,Sell
1619483196.5969,53604.5,0.053,Sell
1619483200.8567,53605.0,0.01,Buy
1619483201.4664,53605.0,0.005,Buy
1619483201.7022,53605.0,0.057,Buy
1619483201.7022,53605.0,0.026,Buy
1619483202.0682,53605.0,0.157,Buy
1619483202.9974,53605.0,0.01,Buy
1619483205.478,53608.0,0.2,Buy
1619483205.478,53607.0,0.101,Buy
1619483205.478,53605.0,1.03,Buy
1619483205.478,53605.0,0.035,Buy
1619483207.2387,53630.0,0.005,Buy
1619483207.2387,53629.5,0.003,Buy
1619483207.2387,53629.5,0.003,Buy
1619483207.2429,53629.5,0.006,Buy
1619483208.1851,53629.5,0.033,Buy
1619483211.8177,53629.5,0.017,Buy
1619483214.0284,53648.5,0.1,Sell
1619483215.0374,53649.5,0.016,Sell
1619483215.0451,53650.0,0.003,Buy
1619483216.1865,53649.5,0.174,Sell
1619483221.404,53650.0,0.068,Buy
1619483221.404,53650.0,0.017,Buy
1619483221.404,53650.0,0.196,Buy
1619483224.1162,53650.0,6.907,Buy
1619483224.1162,53650.0,0.884,Buy
1619483224.3028,53650.0,0.026,Buy
1619483224.8792,53650.0,0.107,Buy
1619483224.8792,53650.0,5.495,Buy
1619483224.8792,53650.0,2.092,Buy
1619483224.8797,53650.5,2.298,Buy
1619483224.8797,53650.5,2.597,Buy
1619483224.8809,53651.0,1.636,Buy
1619483225.2379,53651.5,0.011,Buy
1619483225.7462,53651.5,0.012,Buy
1619483226.1186,53651.5,0.015,Buy
1619483229.6594,53651.5,0.083,Buy
1619483231.804,53651.5,0.2,Buy
1619483232.509,53651.5,0.071,Buy
1619483232.6052,53651.5,0.173,Buy
1619483233.9125,53651.5,0.024,Buy
1619483237.2576,53651.0,0.038,Sell
1619483237.2576,53651.0,1.08,Sell
1619483237.2576,53651.0,0.07,Sell
1619483237.2576,53651.0,2.0,Sell
1619483237.2576,53651.0,0.2,Sell
1619483237.2576,53651.0,4.444,Sell
1619483237.2576,53651.0,3.044,Sell
1619483237.2576,53651.0,4.454,Sell
1619483237.2576,53651.0,5.5,Sell
1619483237.2576,53651.0,6.0,Sell
1619483237.2576,53651.0,4.44,Sell
1619483237.2576,53651.0,0.3,Sell
1619483237.2576,53651.0,0.174,Sell
1619483237.2576,53651.0,0.2,Sell
1619483237.2576,53638.5,0.001,Sell
1619483237.2576,53639.5,3.981,Sell
1619483237.2576,53640.0,2.974,Sell
1619483237.2576,53640.5,12.539,Sell
1619483237.2576,53641.0,10.413,Sell
1619483237.2576,53641.5,13.24,Sell
1619483237.2576,53642.0,12.571,Sell
1619483237.2576,53644.0,0.001,Sell
1619483237.2576,53645.5,0.017,Sell
1619483237.2576,53649.5,0.1,Sell
1619483237.2576,53651.0,0.1,Sell
1619483237.2576,53651.0,0.065,Sell
1619483237.2576,53638.5,11.944,Sell
1619483237.2576,53651.0,0.1,Sell
1619483237.2576,53651.0,0.01,Sell
1619483237.7896,53642.5,1.381,Sell
1619483238.9847,53643.0,1.176,Buy
1619483240.3005,53643.0,0.032,Buy
1619483241.7203,53643.0,0.007,Buy
1619483242.8235,53629.5,0.026,Sell
1619483246.6727,53629.5,0.044,Sell
1619483248.7518,53630.0,0.2,Buy
1619483250.749,53630.0,0.036,Buy
1619483261.8964,53629.5,0.113,Sell
1619483261.8964,53629.5,0.026,Sell
1619483261.9501,53629.5,0.098,Sell
1619483269.2621,53630.0,0.021,Buy
1619483269.7467,53629.5,0.036,Sell
1619483273.9536,53629.5,1.0,Sell
1619483280.0486,53630.0,0.032,Buy
1619483280.0486,53630.0,0.414,Buy
1619483283.224,53630.0,0.036,Buy
1619483283.5405,53629.5,0.4,Sell
1619483284.335,53630.0,0.158,Buy
1619483291.978,53629.5,0.02,Sell
1619483292.0344,53630.0,0.002,Buy
1619483302.6331,53629.5,0.017,Sell
1619483302.6331,53629.5,0.025,Sell
1619483302.6331,53629.5,0.001,Sell
1619483302.6331,53629.5,0.001,Sell
1619483307.8986,53629.0,0.005,Sell
1619483307.8986,53629.0,0.02,Sell
1619483307.9363,53629.0,0.003,Sell
1619483307.9363,53628.5,0.001,Sell
1619483309.6589,53628.0,0.001,Buy
1619483309.6768,53609.5,0.09,Sell
1619483309.6768,53614.0,0.097,Sell
1619483309.6768,53620.0,0.018,Sell
1619483309.6768,53627.5,0.35,Sell
1619483309.6768,53627.5,0.001,Sell
1619483310.7396,53609.0,0.529,Sell
1619483314.7721,53605.0,0.064,Buy
1619483315.7033,53599.0,0.005,Sell
1619483315.7033,53600.0,0.001,Sell
1619483315.7033,53600.0,0.05,Sell
1619483315.7033,53600.0,0.122,Sell
1619483315.7033,53604.5,0.001,Sell
1619483315.7033,53604.5,0.002,Sell
1619483315.7033,53604.5,0.002,Sell
1619483315.7102,53599.0,0.005,Sell
1619483315.7102,53595.0,0.074,Sell
1619483315.7102,53596.0,0.001,Sell
1619483315.7111,53595.0,0.026,Sell
1619483315.7111,53591.0,0.071,Sell
1619483317.9178,53591.0,0.042,Sell
1619483318.4045,53591.0,0.003,Sell
1619483319.8403,53591.0,0.031,Sell
1619483319.9495,53591.5,0.007,Buy
1619483322.8075,53591.5,0.008,Buy
1619483323.1061,53591.0,0.05,Sell
1619483323.5195,53591.0,0.081,Sell
1619483328.3529,53591.0,0.022,Sell
1619483328.3529,53591.0,0.1,Sell
1619483328.3529,53591.0,0.3,Sell
1619483328.3529,53591.0,0.303,Sell
1619483330.2898,53591.0,0.077,Sell
1619483330.6887,53591.0,0.005,Sell
1619483330.8359,53590.0,0.005,Sell
1619483331.0022,53586.0,0.001,Sell
1619483331.0022,53586.0,0.001,Sell
1619483331.0022,53585.5,0.005,Sell
1619483334.1342,53583.0,0.009,Sell
1619483335.2472,53583.0,0.022,Sell
1619483337.368,53583.0,0.004,Sell
1619483338.9729,53583.0,0.035,Sell
1619483338.9729,53583.0,0.065,Sell
1619483340.4392,53583.0,0.002,Sell
1619483340.6022,53581.0,0.05,Sell
1619483340.6022,53581.0,0.001,Sell
1619483340.6022,53581.0,0.001,Sell
1619483340.6022,53580.0,0.001,Sell
1619483340.6022,53580.0,0.002,Sell
1619483340.6022,53577.0,0.544,Sell
1619483340.6022,53580.0,0.001,Sell
1619483340.6988,53576.0,0.027,Buy
1619483341.6975,53575.5,0.045,Sell
1619483344.5475,53575.5,0.091,Sell
1619483344.6417,53575.5,0.005,Sell
1619483345.0806,53575.5,0.227,Sell
1619483347.9217,53581.0,0.002,Sell
1619483350.9779,53581.5,0.04,Buy
1619483354.0104,53591.5,0.015,Sell
1619483354.8259,53591.5,0.4,Sell
1619483355.294,53591.5,0.001,Sell
1619483358.5221,53592.0,0.024,Buy
1619483358.5221,53592.0,0.002,Buy
1619483358.5221,53592.0,0.017,Buy
1619483359.4595,53592.0,0.417,Buy
1619483360.1342,53591.5,0.045,Sell
1619483361.1073,53592.0,0.021,Buy
1619483363.3017,53591.0,0.018,Sell
1619483363.4067,53590.5,0.005,Buy
1619483367.6634,53590.5,0.511,Buy
1619483370.5063,53590.0,0.031,Sell
1619483370.5063,53590.0,0.043,Sell
1619483370.6317,53590.0,0.036,Sell
1619483370.6317,53590.0,0.038,Sell
1619483370.8733,53590.0,0.017,Sell
1619483374.3533,53590.0,0.01,Sell
1619483374.8995,53590.0,0.089,Sell
1619483374.8995,53590.0,0.017,Sell
1619483376.4027,53579.5,0.027,Buy
1619483377.6869,53579.5,0.448,Buy
1619483378.3286,53579.0,0.025,Sell
1619483379.0252,53578.5,0.003,Sell
1619483379.4628,53570.5,0.266,Buy
1619483379.4954,53560.0,0.158,Sell
1619483379.4954,53562.0,0.05,Sell
1619483379.4954,53562.0,0.001,Sell
1619483379.4954,53563.0,0.004,Sell
1619483379.4954,53563.5,0.05,Sell
1619483379.4954,53570.0,0.05,Sell
1619483379.4954,53570.0,0.001,Sell
1619483379.4954,53560.0,0.01,Sell
1619483379.5035,53555.0,0.001,Sell
1619483379.5035,53556.5,0.001,Sell
1619483379.5035,53556.5,0.001,Sell
1619483379.5035,53559.0,0.159,Sell
1619483379.5035,53560.0,0.001,Sell
1619483379.5035,53560.0,0.018,Sell
1619483379.5035,53560.0,0.321,Sell
1619483379.5035,53551.5,0.57,Sell
1619483379.5143,53551.5,0.019,Sell
1619483381.7862,53551.5,0.002,Sell
1619483382.9124,53551.5,0.029,Sell
1619483383.2182,53551.5,0.417,Sell
1619483387.1237,53551.5,0.01,Sell
1619483387.6332,53551.5,0.002,Sell
1619483388.1568,53551.5,0.151,Sell
1619483388.3978,53550.0,0.003,Sell
1619483388.3978,53550.0,0.042,Sell
1619483388.4087,53550.0,0.004,Sell
1619483388.5144,53550.0,0.138,Sell
1619483388.5144,53550.0,0.088,Sell
1619483388.5144,53550.0,0.01,Sell
1619483388.5144,53550.0,0.15,Sell
1619483389.2042,53547.5,0.387,Buy
1619483390.0839,53547.0,0.029,Sell
1619483390.0839,53545.0,0.001,Sell
1619483390.0839,53543.0,0.002,Sell
1619483390.0839,53543.0,0.001,Sell
1619483390.0839,53540.0,0.167,Sell
1619483390.093,53540.0,0.026,Sell
1619483392.3269,53540.5,0.038,Buy
1619483393.0358,53540.0,0.007,Sell
1619483393.4616,53540.0,0.983,Sell
1619483393.4616,53540.0,0.193,Sell
1619483394.7845,53540.0,0.937,Sell
1619483395.8942,53540.0,0.008,Sell
1619483396.2569,53540.0,0.037,Sell
1619483398.5827,53544.0,0.034,Buy
1619483399.3539,53544.0,0.02,Buy
1619483401.1338,53543.5,0.007,Sell
1619483402.8798,53544.0,0.017,Buy
1619483403.1383,53550.0,0.02,Buy
1619483403.1994,53552.0,0.003,Buy
1619483403.2999,53553.0,0.005,Sell
1619483403.7789,53557.0,0.022,Sell
1619483404.6537,53558.0,0.85,Sell
1619483405.7805,53558.0,0.078,Sell
1619483406.6502,53572.5,0.031,Buy
1619483407.0837,53572.0,0.015,Sell
1619483407.5699,53572.5,0.135,Buy
1619483409.8374,53572.5,0.085,Buy
1619483409.9637,53581.0,0.003,Buy
1619483410.5144,53582.5,0.149,Sell
1619483411.358,53583.0,0.003,Buy
1619483411.358,53583.0,0.003,Buy
1619483411.358,53583.0,0.206,Buy
1619483413.0545,53596.5,0.084,Buy
1619483413.122,53596.0,0.017,Sell
1619483415.3866,53596.5,0.529,Buy
1619483416.5146,53596.5,0.02,Buy
1619483416.974,53596.5,0.032,Buy
1619483417.9018,53596.0,0.064,Sell
1619483419.5015,53596.5,0.171,Buy
1619483421.5714,53596.0,0.016,Sell
1619483422.2312,53596.5,0.035,Buy
1619483422.6853,53596.5,0.004,Buy
1619483422.8133,53596.5,0.08,Buy
1619483429.1357,53596.0,0.005,Sell
1619483433.1341,53596.5,0.018,Buy
1619483433.2921,53596.5,0.022,Buy
1619483433.5253,53596.5,0.169,Buy
1619483433.5253,53596.5,0.317,Buy
1619483435.1752,53596.0,0.074,Sell
1619483436.5279,53596.5,0.009,Buy
1619483436.6722,53596.5,0.049,Buy
1619483440.2991,53596.5,0.2,Buy
1619483440.2991,53596.5,0.83,Buy
1619483441.9045,53611.5,4.536,Buy
1619483441.9045,53611.5,0.46,Buy
1619483441.9045,53611.0,0.002,Buy
1619483441.9045,53609.0,0.2,Buy
1619483441.9045,53611.0,0.002,Buy
1619483441.9045,53607.0,0.045,Buy
1619483441.9045,53600.0,0.001,Buy
1619483441.9045,53609.0,0.2,Buy
1619483441.9045,53600.0,0.1,Buy
1619483441.9045,53599.0,4.454,Buy
1619483444.606,53618.5,0.019,Sell
1619483447.7307,53619.0,0.001,Buy
1619483447.7307,53619.0,1.999,Buy
1619483448.6397,53628.0,0.011,Buy
1619483450.619,53628.0,0.274,Buy
1619483451.0754,53628.0,0.008,Buy
1619483451.3305,53628.0,0.726,Buy
1619483453.9451,53628.0,0.184,Buy
1619483454.5016,53628.0,0.005,Buy
1619483456.5908,53628.0,0.036,Buy
1619483461.2519,53628.0,0.018,Buy
1619483462.1115,53627.5,0.001,Sell
1619483465.685,53628.0,4.197,Buy
1619483465.685,53628.0,0.2,Buy
1619483465.685,53628.0,0.3,Buy
1619483465.685,53628.5,0.018,Buy
1619483465.685,53629.0,0.002,Buy
1619483465.685,53631.5,0.283,Buy
1619483465.7806,53632.0,0.027,Sell
1619483466.8773,53634.0,2.0,Buy
1619483467.7195,53634.0,0.042,Buy
1619483468.5517,53634.0,0.006,Buy
1619483469.1354,53633.5,0.027,Sell
1619483473.0194,53634.0,1.176,Buy
1619483474.4928,53634.0,4.776,Buy
1619483474.5574,53637.5,0.002,Buy
1619483474.5574,53637.5,0.002,Buy
1619483474.6606,53639.5,0.005,Sell
1619483474.6606,53639.5,0.004,Sell
1619483474.6606,53639.5,4.148,Sell
1619483475.0138,53652.5,0.147,Buy
1619483475.0138,53652.0,0.2,Buy
1619483475.0138,53651.0,0.05,Buy
1619483475.0138,53650.0,0.003,Buy
1619483475.0138,53644.0,0.002,Buy
1619483475.0138,53652.0,0.067,Buy
1619483475.0138,53643.0,0.001,Buy
1619483475.0138,53643.0,0.001,Buy
1619483475.0138,53642.0,0.025,Buy
1619483475.0138,53644.0,0.004,Buy
1619483475.0138,53640.0,0.1,Buy
1619483475.0216,53652.5,0.03,Buy
1619483475.0216,53654.0,0.228,Buy
1619483475.9969,53654.5,0.017,Buy
1619483476.0619,53665.5,0.002,Buy
1619483476.0619,53665.5,0.002,Buy
1619483476.7168,53672.0,0.003,Buy
1619483477.0797,53672.0,0.528,Buy
1619483477.3574,53673.0,0.004,Buy
1619483477.3574,53674.0,0.009,Buy
1619483477.7199,53676.0,0.001,Buy
1619483477.9896,53680.0,0.001,Buy
1619483477.9896,53681.0,0.086,Buy
1619483478.6052,53683.0,0.02,Buy
1619483478.8641,53687.0,0.009,Buy
1619483479.2341,53687.5,5.275,Buy
1619483479.296,53690.0,0.001,Buy
1619483479.296,53690.5,0.007,Buy
1619483479.297,53690.5,0.013,Buy
1619483479.6306,53692.0,0.001,Buy
1619483479.6306,53692.0,0.001,Buy
1619483479.6306,53691.0,0.005,Buy
1619483479.6306,53692.0,0.026,Buy
1619483480.2186,53695.5,0.016,Buy
1619483480.4799,53697.0,0.15,Buy
1619483480.6502,53697.0,0.3,Buy
1619483480.6502,53697.0,0.441,Buy
1619483481.898,53700.0,0.002,Buy
1619483481.9061,53700.0,0.048,Buy
1619483481.9061,53700.0,0.002,Buy
1619483481.9061,53700.0,0.002,Buy
1619483481.9061,53701.0,0.001,Buy
1619483481.9061,53701.0,0.001,Buy
1619483481.9061,53702.0,0.246,Buy
1619483481.9166,53702.0,0.2,Buy
1619483482.4352,53703.0,0.027,Sell
1619483482.535,53703.5,0.025,Buy
1619483482.5793,53703.5,0.006,Buy
1619483482.5793,53704.0,0.007,Buy
1619483482.5793,53706.0,0.001,Buy
1619483483.2101,53718.0,0.306,Sell
1619483487.862,53718.5,0.001,Buy
1619483487.862,53718.5,0.001,Buy
1619483487.862,53718.5,0.598,Buy
1619483488.0524,53718.0,0.018,Sell
1619483488.4254,53718.0,0.02,Sell
1619483489.3286,53718.5,0.001,Buy
1619483490.1024,53718.5,0.038,Buy
1619483491.8981,53718.5,0.02,Buy
1619483491.9713,53718.5,0.18,Buy
1619483491.9713,53718.5,0.001,Buy
1619483491.9713,53718.5,0.001,Buy
1619483491.9713,53718.5,0.1,Buy
1619483491.9713,53718.5,0.443,Buy
1619483493.2273,53718.5,0.102,Buy
1619483493.6897,53720.0,0.008,Buy
1619483494.1291,53721.5,0.011,Buy
1619483494.1561,53724.0,0.004,Buy
1619483495.538,53731.0,0.002,Buy
1619483495.5578,53731.5,0.074,Buy
1619483499.6986,53732.5,0.036,Buy
1619483501.4291,53732.5,0.015,Buy
1619483501.7162,53732.0,0.006,Sell
1619483503.6542,53732.5,0.05,Buy
1619483507.5144,53732.0,0.085,Sell
1619483507.6569,53733.0,0.001,Buy
1619483507.6569,53736.0,0.001,Buy
1619483507.8589,53740.0,0.016,Buy
1619483508.4315,53739.5,0.026,Sell
1619483521.9404,53743.0,0.014,Sell
1619483522.3812,53743.0,5.0,Sell
1619483524.2646,53743.5,0.001,Buy
1619483524.7456,53743.0,0.001,Sell
1619483526.458,53732.0,0.018,Sell
1619483528.7389,53732.5,0.015,Buy
1619483528.7943,53732.0,2.0,Sell
1619483531.8932,53729.5,0.132,Sell
1619483531.8932,53729.5,0.017,Sell
1619483531.8932,53729.5,0.187,Sell
1619483531.8932,53729.5,0.001,Sell
1619483531.8932,53729.5,0.05,Sell
1619483531.8932,53729.5,0.113,Sell
1619483532.3334,53729.5,0.001,Sell
1619483538.6271,53729.5,0.025,Sell
1619483540.0712,53729.5,0.162,Sell
1619483541.2846,53730.0,0.165,Buy
1619483541.4589,53729.5,0.001,Sell
1619483541.4589,53729.5,0.105,Sell
1619483543.5178,53729.5,0.001,Sell
1619483548.0733,53729.5,0.036,Sell
1619483549.7288,53729.5,0.04,Sell
1619483554.519,53729.5,0.086,Sell
1619483557.7928,53729.5,0.011,Sell
1619483568.027,53729.5,0.014,Sell
1619483568.027,53729.5,0.088,Sell
1619483568.1466,53730.0,0.001,Buy
1619483571.9536,53730.0,0.003,Buy
1619483574.7054,53730.0,0.097,Buy
1619483574.7054,53730.0,0.001,Buy
1619483574.8982,53733.5,0.001,Buy
1619483575.5587,53736.5,0.017,Buy
1619483578.0222,53743.0,0.002,Sell
1619483579.113,53743.0,0.052,Sell
1619483579.2055,53743.5,0.009,Buy
1619483585.7003,53743.5,0.091,Buy
1619483585.7003,53743.5,0.1,Buy
1619483585.7003,53743.5,0.001,Buy
1619483585.7003,53743.5,0.017,Buy
1619483585.7003,53743.5,0.001,Buy
1619483585.7003,53743.5,0.008,Buy
1619483589.7133,53743.5,0.006,Buy
1619483593.4773,53743.5,0.008,Buy
1619483593.4773,53744.0,0.002,Buy
1619483593.4773,53745.0,0.001,Buy
1619483593.4773,53745.0,0.001,Buy
1619483593.4773,53743.5,0.001,Buy
1619483593.5792,53745.5,0.003,Buy
1619483593.5999,53747.5,0.003,Buy
1619483594.1234,53749.5,0.074,Sell
1619483595.1198,53749.5,0.002,Sell
1619483595.1238,53749.5,0.056,Sell
1619483595.1308,53749.5,0.047,Sell
1619483595.2565,53749.5,0.006,Sell
1619483595.2568,53749.5,0.004,Sell
1619483595.2578,53749.5,0.01,Sell
1619483595.2588,53749.5,0.012,Sell
1619483595.2801,53749.5,0.086,Sell
1619483595.3096,53749.5,0.009,Sell
1619483595.3101,53749.5,0.013,Sell
1619483595.3224,53749.5,0.037,Sell
1619483595.3245,53749.5,0.019,Sell
1619483595.3259,53749.5,0.056,Sell
1619483595.4703,53749.5,0.002,Sell
1619483595.4744,53749.5,0.021,Sell
1619483595.4762,53749.5,0.003,Sell
1619483595.4768,53749.5,0.017,Sell
1619483595.4778,53749.5,0.007,Sell
1619483595.4778,53749.5,0.005,Sell
1619483595.4849,53749.5,0.005,Sell
1619483595.4854,53749.5,0.021,Sell
1619483595.4861,53749.5,0.009,Sell
1619483595.4861,53749.5,0.059,Sell
1619483595.4875,53749.5,0.019,Sell
1619483595.4931,53749.5,0.107,Sell
1619483595.4957,53749.5,0.185,Sell
1619483596.5007,53749.5,0.006,Sell
1619483596.503,53749.5,0.047,Sell
1619483596.503,53749.5,0.004,Sell
1619483596.5057,53749.5,0.107,Sell
1619483596.5075,53749.5,0.056,Sell
1619483596.5094,53749.5,0.017,Sell
1619483596.5114,53749.5,0.009,Sell
1619483596.5121,53749.5,0.007,Sell
1619483596.5121,53749.5,0.003,Sell
1619483596.513,53749.5,0.012,Sell
1619483596.5148,53749.5,0.002,Sell
1619483596.5156,53749.5,0.013,Sell
1619483596.5156,53749.5,0.01,Sell
1619483596.5156,53749.5,0.005,Sell
1619483596.5156,53749.5,0.021,Sell
1619483596.5156,53749.5,0.059,Sell
1619483596.5212,53749.5,0.009,Sell
1619483596.5226,53749.5,0.185,Sell
1619483596.5233,53749.5,0.037,Sell
1619483596.5233,53749.5,0.005,Sell
1619483596.527,53749.5,0.021,Sell
1619483596.5285,53749.5,0.019,Sell
1619483596.7104,53749.5,0.002,Sell
1619483596.7145,53749.5,0.019,Sell
1619483596.7184,53749.5,0.086,Sell
1619483596.722,53749.5,0.056,Sell
1619483597.286,53749.5,0.809,Sell
1619483597.5535,53749.5,0.006,Sell
1619483597.5536,53749.5,0.056,Sell
1619483597.5549,53749.5,0.009,Sell
1619483597.5563,53749.5,0.004,Sell
1619483597.5572,53749.5,0.01,Sell
1619483597.5572,53749.5,0.107,Sell
1619483597.5575,53749.5,0.047,Sell
1619483597.5586,53749.5,0.002,Sell
1619483597.5588,53749.5,0.002,Sell
1619483597.5599,53749.5,0.003,Sell
1619483597.5599,53749.5,0.012,Sell
1619483597.5621,53749.5,0.021,Sell
1619483597.5622,53749.5,0.005,Sell
1619483597.5625,53749.5,0.019,Sell
1619483597.5639,53749.5,0.007,Sell
1619483597.5661,53749.5,0.005,Sell
1619483597.5684,53749.5,0.019,Sell
1619483597.5735,53749.5,0.059,Sell
1619483597.5745,53749.5,0.086,Sell
1619483597.5755,53749.5,0.013,Sell
1619483597.5783,53749.5,0.009,Sell
1619483597.5785,53749.5,0.017,Sell
1619483597.5817,53749.5,0.185,Sell
1619483597.5817,53749.5,0.021,Sell
1619483597.5857,53749.5,0.037,Sell
1619483598.4451,53750.0,0.003,Buy
1619483598.4451,53750.0,0.272,Buy
1619483598.4451,53750.0,0.05,Buy
1619483598.4518,53750.0,0.675,Buy
1619483598.452,53750.0,0.487,Buy
1619483598.6152,53749.5,0.004,Sell
1619483598.6175,53749.5,0.006,Sell
1619483598.6178,53749.5,0.056,Sell
1619483598.6182,53749.5,0.107,Sell
1619483598.6205,53749.5,0.002,Sell
1619483598.6206,53749.5,0.021,Sell
1619483598.621,53749.5,0.009,Sell
1619483598.6216,53749.5,0.002,Sell
1619483598.6238,53749.5,0.012,Sell
1619483598.6246,53749.5,0.003,Sell
1619483598.6246,53749.5,0.01,Sell
1619483598.6279,53749.5,0.007,Sell
1619483598.6283,53749.5,0.019,Sell
1619483598.6296,53749.5,0.047,Sell
1619483598.6313,53749.5,0.019,Sell
1619483598.6316,53749.5,0.009,Sell
1619483598.6324,53749.5,0.013,Sell
1619483598.6327,53749.5,0.059,Sell
1619483598.6349,53749.5,0.017,Sell
1619483598.6359,53749.5,0.037,Sell
1619483598.636,53749.5,0.021,Sell
1619483598.6387,53749.5,0.005,Sell
1619483598.8199,53749.5,0.086,Sell
1619483599.0729,53750.0,0.008,Buy
1619483599.7068,53750.0,0.002,Buy
1619483599.8287,53750.0,0.003,Buy
1619483602.1085,53750.0,2.0,Buy
1619483614.6157,53750.0,0.001,Buy
1619483614.6157,53750.0,0.1,Buy
1619483614.6157,53750.0,0.133,Buy
1619483614.6157,53750.0,3.427,Buy
1619483614.6843,53753.5,0.032,Buy
1619483614.6843,53756.0,0.018,Buy
1619483616.2866,53756.0,0.221,Buy
1619483626.0615,53757.0,0.002,Buy
1619483628.7791,53758.0,0.001,Buy
1619483628.7791,53757.0,0.009,Buy
1619483628.7791,53758.0,0.001,Buy
1619483628.8579,53760.0,0.001,Buy
1619483628.8579,53760.5,0.003,Buy
1619483628.8579,53760.5,0.001,Buy
1619483628.8581,53761.0,0.013,Buy
1619483628.8581,53762.0,0.001,Buy
1619483628.9453,53763.0,0.001,Buy
1619483629.3438,53767.5,0.001,Sell
1619483630.2989,53770.0,0.691,Buy
1619483631.695,53772.0,0.001,Buy
1619483631.695,53772.0,0.031,Buy
1619483632.3956,53774.0,0.001,Buy
1619483632.4509,53774.5,0.006,Buy
1619483632.4509,53774.5,0.001,Buy
1619483632.4509,53774.5,0.001,Buy
1619483632.8808,53780.0,0.049,Buy
1619483632.8808,53780.0,0.001,Buy
1619483633.2288,53780.0,0.003,Buy
1619483634.4041,53780.0,0.011,Buy
1619483635.871,53780.0,2.607,Buy
1619483635.871,53780.0,0.264,Buy
1619483636.9629,53780.0,0.162,Buy
1619483637.7657,53779.5,0.159,Sell
1619483637.9864,53780.0,0.28,Buy
1619483637.9945,53779.5,0.04,Sell
1619483638.2624,53780.0,0.127,Buy
1619483638.2624,53780.0,0.475,Buy
1619483638.2624,53780.0,0.02,Buy
1619483638.2624,53780.0,0.187,Buy
1619483639.116,53780.0,0.395,Buy
1619483639.116,53780.0,0.316,Buy
1619483640.6337,53780.0,0.227,Buy
1619483642.2088,53780.0,0.003,Buy
1619483642.6189,53779.5,0.001,Sell
1619483643.7881,53777.0,0.001,Buy
1619483645.3301,53777.0,0.005,Buy
1619483645.3301,53777.0,0.146,Buy
1619483646.3106,53777.0,0.001,Buy
1619483647.453,53777.0,0.007,Buy
1619483647.5197,53776.5,0.06,Sell
1619483650.4039,53776.5,0.01,Sell
1619483650.4039,53776.5,0.025,Sell
1619483650.4626,53776.5,0.001,Sell
1619483657.0964,53776.5,0.001,Sell
1619483657.8949,53776.5,0.273,Sell
1619483657.8949,53776.5,0.017,Sell
1619483657.8949,53776.5,0.001,Sell
1619483657.8949,53776.5,0.162,Sell
1619483657.8949,53776.5,0.003,Sell
1619483657.8949,53776.5,0.044,Sell
1619483663.2905,53777.0,0.058,Buy
1619483663.2905,53777.0,0.306,Buy
1619483672.0543,53776.5,0.001,Sell
1619483672.2081,53777.0,0.111,Buy
1619483674.8352,53776.5,0.3,Sell
1619483675.1469,53777.0,0.406,Buy
1619483676.3912,53776.5,0.481,Sell
1619483676.3912,53776.5,0.02,Sell
1619483676.3912,53776.5,0.001,Sell
1619483676.3912,53776.5,0.08,Sell
1619483676.3912,53776.5,0.2,Sell
1619483676.3912,53776.5,1.218,Sell
1619483677.7929,53777.0,0.023,Buy
1619483686.8704,53777.0,0.04,Buy
1619483691.2161,53776.5,0.001,Sell
1619483702.9004,53776.5,0.245,Sell
1619483702.9004,53776.5,0.129,Sell
1619483702.9005,53776.0,0.001,Sell
1619483702.916,53775.0,0.605,Sell
1619483702.9207,53774.5,0.003,Sell
1619483702.9207,53774.5,0.003,Sell
1619483703.152,53761.0,0.006,Sell
1619483703.1721,53761.0,0.015,Sell
1619483703.5757,53758.5,0.001,Sell
1619483703.5757,53758.5,0.005,Sell
1619483712.9387,53725.0,0.003,Sell
1619483714.193,53725.0,0.002,Sell
1619483714.6439,53725.0,0.001,Sell
1619483714.6439,53725.0,0.548,Sell
1619483715.0162,53725.0,0.003,Sell
1619483715.8496,53725.0,0.016,Sell
1619483716.0417,53725.0,0.017,Sell
1619483716.0417,53725.0,0.2,Sell
1619483716.0417,53725.0,0.508,Sell
1619483716.679,53725.0,0.032,Sell
1619483719.584,53725.0,0.008,Sell
1619483721.7097,53725.0,0.001,Sell
1619483722.2956,53725.0,0.232,Sell
1619483725.9864,53725.0,0.003,Sell
1619483732.3803,53725.0,0.05,Sell
1619483734.0492,53725.0,0.078,Sell
1619483735.4546,53725.5,0.05,Buy
1619483739.76,53725.0,0.008,Sell
1619483742.2371,53725.5,0.661,Buy
1619483744.3277,53725.0,0.033,Sell
1619483745.9196,53725.0,0.036,Sell
1619483746.8908,53725.0,0.02,Sell
1619483749.8824,53725.0,0.007,Sell
1619483752.8816,53725.0,0.339,Sell
1619483764.1761,53725.5,0.005,Buy
1619483764.7292,53725.5,0.05,Buy
1619483764.7292,53725.5,0.065,Buy
1619483764.7292,53725.5,0.5,Buy
1619483764.7292,53725.5,0.001,Buy
1619483764.7791,53734.0,0.013,Buy
1619483764.7966,53745.0,0.045,Sell
1619483764.7966,53745.0,0.005,Sell
1619483768.5139,53745.5,0.023,Buy
1619483768.6033,53751.5,0.001,Buy
1619483768.6033,53751.5,0.001,Buy
1619483768.6033,53760.0,0.001,Buy
1619483769.3567,53767.0,0.017,Buy
1619483772.2166,53775.0,0.001,Buy
1619483772.2166,53775.0,0.205,Buy
1619483772.3581,53776.5,0.027,Sell
1619483772.3632,53777.0,0.3,Buy
1619483772.3632,53777.0,0.002,Buy
1619483772.3634,53777.5,0.058,Buy
1619483773.0131,53780.0,0.004,Buy
1619483773.1559,53780.0,0.07,Buy
1619483773.1983,53780.0,0.126,Buy
1619483773.1983,53780.0,0.001,Buy
1619483773.1983,53780.0,0.001,Buy
1619483773.1983,53780.5,0.001,Buy
1619483773.1983,53780.5,0.1,Buy
1619483773.1983,53782.0,0.009,Buy
1619483773.1983,53783.0,0.001,Buy
1619483773.1983,53783.5,0.157,Buy
1619483773.3115,53790.0,0.194,Buy
1619483773.3115,53790.0,0.001,Buy
1619483773.3115,53790.0,0.001,Buy
1619483773.3115,53790.0,0.001,Buy
1619483773.3246,53791.0,0.005,Buy
1619483773.3253,53800.0,0.046,Buy
1619483773.3253,53800.0,0.001,Buy
1619483773.3253,53800.0,0.002,Buy
1619483773.3253,53800.0,0.002,Buy
1619483773.3253,53800.0,0.033,Buy
1619483773.3253,53800.0,0.001,Buy
1619483773.3253,53800.0,0.003,Buy
1619483773.3333,53800.0,0.012,Buy
1619483773.3401,53800.0,0.068,Buy
1619483773.3487,53800.0,0.08,Buy
1619483773.3609,53800.0,0.064,Buy
1619483773.4756,53800.0,0.154,Buy
1619483773.4783,53800.0,0.154,Buy
1619483773.6522,53799.5,0.001,Sell
1619483774.3262,53800.0,0.333,Buy
1619483774.3262,53800.0,0.005,Buy
1619483774.3262,53800.0,0.2,Buy
1619483774.3956,53801.0,0.01,Buy
1619483774.7286,53803.0,0.05,Buy
1619483774.7287,53805.0,0.007,Buy
1619483774.7287,53805.0,0.004,Buy
1619483774.7967,53806.5,0.001,Buy
1619483774.7967,53806.5,0.001,Buy
1619483774.7967,53807.0,0.006,Buy
1619483774.8763,53820.0,0.001,Buy
1619483774.8763,53819.0,0.001,Buy
1619483774.8763,53814.0,0.01,Buy
1619483774.8763,53815.0,0.001,Buy
1619483774.8763,53815.0,0.001,Buy
1619483774.8868,53821.5,0.075,Buy
1619483775.1161,53821.5,0.549,Buy
1619483775.7383,53821.5,0.024,Buy
1619483775.8003,53821.5,0.252,Buy
1619483775.859,53822.0,0.013,Buy
1619483777.262,53829.5,0.005,Sell
1619483777.262,53829.5,0.003,Sell
1619483777.648,53830.0,0.02,Buy
1619483778.4427,53830.0,0.001,Buy
1619483780.2519,53830.0,0.003,Buy
1619483781.1362,53830.0,0.45,Buy
1619483782.743,53830.0,0.001,Buy
1619483783.9036,53830.0,0.232,Buy
1619483784.8114,53830.0,0.019,Buy
1619483786.2494,53830.0,0.082,Buy
1619483789.4055,53829.0,0.159,Sell
1619483793.1614,53807.5,0.003,Buy
1619483794.8234,53807.5,0.003,Buy
1619483796.1212,53807.5,0.016,Buy
1619483799.8399,53827.5,0.04,Buy
1619483801.69,53829.5,0.004,Sell
1619483803.0759,53830.0,0.02,Buy
1619483808.5038,53830.0,1.341,Buy
1619483808.5038,53830.0,0.012,Buy
1619483808.5038,53830.0,0.3,Buy
1619483808.5038,53830.0,0.2,Buy
1619483808.5038,53830.0,1.034,Buy
1619483808.5038,53830.0,0.017,Buy
1619483808.5038,53830.0,0.172,Buy
1619483810.0612,53830.0,0.139,Buy
1619483810.0612,53830.5,0.001,Buy
1619483810.0612,53830.5,0.001,Buy
1619483810.0612,53831.0,0.56,Buy
1619483810.2118,53831.0,0.001,Buy
1619483810.9827,53831.0,0.027,Buy
1619483811.5269,53831.0,0.025,Buy
1619483813.407,53831.0,1.428,Buy
1619483814.7032,53831.0,0.071,Buy
1619483817.0587,53832.0,0.002,Buy
1619483817.0587,53833.0,0.001,Buy
1619483817.0587,53833.0,0.001,Buy
1619483817.0587,53833.5,0.001,Buy
1619483817.1375,53836.0,0.01,Buy
1619483817.1375,53838.5,0.01,Buy
1619483817.356,53840.0,0.005,Buy
1619483817.4486,53841.0,1.8,Buy
1619483817.5439,53841.0,0.32,Buy
1619483817.5439,53841.0,1.48,Buy
1619483819.6971,53844.0,0.053,Buy
1619483836.1523,53844.0,0.034,Buy
1619483836.1523,53844.0,0.047,Buy
1619483836.381,53844.0,0.002,Buy
1619483844.7768,53844.5,0.002,Buy
1619483844.7768,53845.0,0.002,Buy
1619483844.7768,53845.5,0.001,Buy
1619483844.7768,53845.5,0.001,Buy
1619483844.7768,53847.0,0.001,Buy
1619483848.0355,53847.5,0.001,Sell
1619483851.776,53848.0,0.005,Buy
1619483857.0105,53848.0,0.053,Buy
1619483857.4082,53847.5,0.007,Sell
1619483857.4082,53847.5,0.069,Sell
1619483857.4082,53847.5,0.004,Sell
1619483858.4654,53848.0,0.018,Buy
1619483860.9702,53847.5,0.005,Sell
1619483860.9852,53848.0,0.03,Buy
1619483864.4433,53848.0,0.069,Buy
1619483867.951,53847.5,0.001,Sell
1619483867.951,53847.5,0.07,Sell
1619483867.951,53847.0,0.166,Sell
1619483867.951,53829.5,0.07,Sell
1619483867.951,53811.5,0.003,Sell
1619483867.958,53811.5,0.002,Sell
1619483868.7368,53811.5,0.804,Sell
1619483874.0217,53822.5,0.036,Sell
1619483876.5437,53822.5,0.002,Sell
1619483878.7189,53834.0,0.015,Buy
1619483883.9881,53834.0,0.176,Buy
1619483885.2171,53833.5,0.3,Sell
1619483904.4518,53833.5,0.012,Sell
1619483911.8201,53834.0,0.007,Buy
1619483917.0588,53834.0,0.05,Buy
1619483918.9119,53834.0,0.062,Sell
1619483924.2349,53834.0,0.165,Sell
1619483925.2981,53834.5,0.05,Buy
1619483925.2981,53834.5,0.01,Buy
1619483925.3046,53836.0,0.05,Buy
1619483926.0977,53838.5,1.04,Sell
1619483926.1067,53839.0,0.05,Buy
1619483926.1067,53840.5,0.005,Buy
1619483928.8975,53840.0,0.007,Sell
1619483931.3383,53847.5,1.099,Sell
1619483932.7379,53847.5,0.05,Sell
1619483933.2008,53848.0,0.506,Buy
1619483933.2008,53848.0,0.086,Buy
1619483933.2008,53848.0,0.016,Buy
1619483933.2008,53848.0,0.2,Buy
1619483933.2008,53848.0,0.1,Buy
1619483933.2008,53848.0,0.325,Buy
1619483933.2008,53848.0,0.117,Buy
1619483933.5765,53848.0,1.178,Buy
1619483936.8055,53847.5,0.044,Sell
1619483944.7039,53848.0,0.02,Buy
1619483944.8482,53848.0,0.02,Buy
1619483945.2971,53847.0,0.003,Sell
1619483946.1301,53834.5,0.022,Buy
1619483946.3464,53834.5,0.725,Buy
1619483947.9296,53834.5,0.003,Buy
1619483954.2786,53834.0,0.001,Sell
1619483954.2786,53834.0,0.001,Sell
1619483958.6424,53834.5,0.03,Buy
