1619222404.1677,51100.5,0.016,Buy
1619222404.1677,51100.5,0.024,Buy
1619222404.608,51100.5,0.054,Buy
1619222405.2068,51100.5,0.07,Buy
1619222409.5415,51100.0,0.072,Sell
1619222409.6737,51100.5,0.05,Buy
1619222409.6737,51100.5,0.595,Buy
1619222413.0536,51100.0,0.03,Sell
1619222413.2669,51100.0,1.275,Sell
1619222413.4585,51100.5,0.017,Buy
1619222420.8029,51100.5,0.32,Buy
1619222420.8029,51101.0,0.203,Buy
1619222420.8029,51102.0,0.013,Buy
1619222420.8029,51103.5,0.011,Buy
1619222420.8029,51104.0,0.005,Buy
1619222420.8029,51105.0,0.183,Buy
1619222420.8029,51100.5,0.017,Buy
1619222420.8126,51100.0,0.003,Sell
1619222421.1979,51105.0,0.3,Buy
1619222424.0474,51104.5,0.021,Sell
1619222426.0311,51105.0,0.148,Buy
1619222427.2772,51105.0,0.031,Buy
1619222427.2772,51105.0,0.369,Buy
1619222427.966,51105.0,0.039,Buy
1619222427.966,51107.0,0.001,Buy
1619222427.966,51108.0,0.045,Buy
1619222427.966,51109.0,0.012,Buy
1619222427.9734,51104.5,0.015,Sell
1619222430.9425,51108.5,0.001,Sell
1619222431.5448,51110.5,0.01,Buy
1619222431.5448,51109.5,0.036,Buy
1619222431.5448,51109.0,0.054,Buy
1619222432.6107,51112.0,0.001,Buy
1619222432.6107,51110.5,0.053,Buy
1619222432.6107,51112.0,0.05,Buy
1619222432.6107,51111.0,0.02,Buy
1619222432.6107,51112.5,0.027,Buy
1619222432.6107,51112.5,0.029,Buy
1619222432.6385,51112.5,0.003,Buy
1619222432.6385,51113.5,0.001,Buy
1619222432.6385,51114.0,0.002,Buy
1619222437.6766,51115.0,0.02,Buy
1619222437.6766,51115.0,2.58,Buy
1619222438.9399,51115.5,0.04,Buy
1619222441.1938,51118.0,2.531,Buy
1619222441.1938,51118.0,6.767,Buy
1619222441.1938,51117.5,6.767,Buy
1619222441.2149,51118.0,0.006,Buy
1619222441.5957,51117.5,0.01,Sell
1619222441.7279,51118.0,0.068,Buy
1619222441.9817,51118.0,0.931,Buy
1619222442.0508,51117.5,0.005,Sell
1619222443.8425,51118.0,0.125,Buy
1619222444.3843,51117.5,0.102,Sell
1619222444.4229,51118.5,0.009,Buy
1619222445.5603,51120.5,2.39,Buy
1619222445.5603,51120.0,0.003,Buy
1619222445.5603,51120.0,0.607,Buy
1619222445.9092,51120.0,0.003,Sell
1619222446.9363,51122.0,0.004,Buy
1619222448.8695,51122.0,0.016,Buy
1619222448.8695,51122.0,0.2,Buy
1619222448.8695,51125.0,0.022,Buy
1619222448.8767,51125.0,0.075,Buy
1619222449.4166,51125.5,0.002,Buy
1619222449.4166,51127.0,0.002,Buy
1619222451.8756,51128.5,0.095,Buy
1619222451.8756,51128.5,0.001,Buy
1619222451.8834,51128.5,1.6,Buy
1619222452.728,51130.0,0.61,Buy
1619222452.728,51130.0,0.945,Buy
1619222452.728,51129.5,0.001,Buy
1619222452.728,51130.0,0.001,Buy
1619222452.728,51130.0,0.005,Buy
1619222452.728,51130.0,0.019,Buy
1619222452.728,51128.5,3.095,Buy
1619222452.728,51130.0,0.001,Buy
1619222455.8013,51131.5,0.02,Buy
1619222455.8013,51132.5,0.464,Buy
1619222456.0911,51132.5,0.05,Buy
1619222457.0777,51135.5,0.001,Buy
1619222457.6935,51135.5,0.05,Buy
1619222457.6935,51135.5,0.129,Buy
1619222463.2652,51137.5,0.4,Sell
1619222464.1248,51138.0,0.001,Buy
1619222466.2625,51138.0,0.104,Buy
1619222466.7031,51137.5,0.001,Sell
1619222467.3594,51138.0,0.001,Buy
1619222469.5181,51138.0,0.026,Buy
1619222469.5181,51138.0,0.2,Buy
1619222469.5181,51138.0,0.374,Buy
1619222471.8087,51137.5,0.005,Sell
1619222472.273,51137.5,0.009,Sell
1619222473.1821,51138.0,0.085,Buy
1619222476.1365,51138.0,0.412,Buy
1619222477.5572,51137.5,0.001,Sell
1619222477.897,51138.0,0.017,Buy
1619222479.7576,51138.0,0.072,Buy
1619222482.4848,51138.0,0.128,Buy
1619222483.8506,51137.5,0.289,Sell
1619222484.6835,51138.0,0.02,Buy
1619222487.1007,51137.5,3.81,Sell
1619222487.1007,51137.5,5.804,Sell
1619222487.1007,51137.5,0.336,Sell
1619222487.1007,51137.5,0.05,Sell
1619222487.1571,51137.5,0.05,Sell
1619222489.9404,51137.5,0.103,Sell
1619222490.2414,51138.0,0.653,Buy
1619222490.4024,51137.5,0.005,Sell
1619222491.3763,51138.0,0.002,Buy
1619222491.9012,51137.5,0.01,Sell
1619222501.0543,51137.5,0.466,Sell
1619222501.3998,51137.5,0.056,Sell
1619222501.3998,51137.5,0.141,Sell
1619222502.9833,51137.5,0.035,Sell
1619222504.0943,51137.5,0.01,Sell
1619222505.1058,51137.5,0.1,Sell
1619222505.2083,51138.0,0.048,Buy
1619222505.6773,51137.5,0.1,Sell
1619222506.3044,51138.0,0.262,Buy
1619222508.9781,51137.5,0.1,Sell
1619222509.0771,51138.0,0.001,Buy
1619222511.5818,51137.5,0.609,Sell
1619222511.6272,51138.0,0.014,Buy
1619222513.1224,51137.5,0.7,Sell
1619222516.5283,51137.5,0.003,Sell
1619222524.7611,51138.0,0.001,Buy
1619222524.9062,51137.5,0.056,Sell
1619222529.6551,51138.0,0.001,Buy
1619222532.8261,51137.5,0.001,Sell
1619222534.6317,51137.5,0.003,Sell
1619222534.7874,51138.0,0.113,Buy
1619222536.8897,51137.5,0.003,Sell
1619222536.9433,51137.5,0.024,Sell
1619222537.7279,51137.5,0.247,Sell
1619222543.2216,51137.5,3.301,Sell
1619222543.5703,51137.5,0.187,Sell
1619222543.5703,51137.5,0.33,Sell
1619222543.6712,51137.5,0.048,Sell
1619222544.1184,51137.5,0.008,Sell
1619222545.9688,51137.5,4.677,Sell
1619222547.5155,51137.5,0.006,Sell
1619222549.8584,51137.5,0.009,Sell
1619222549.8584,51137.5,0.008,Sell
1619222549.8584,51137.5,0.041,Sell
1619222549.8584,51137.5,0.165,Sell
1619222549.8584,51137.5,0.211,Sell
1619222549.9424,51132.0,0.011,Sell
1619222549.9424,51126.5,0.003,Sell
1619222549.9424,51125.0,0.001,Sell
1619222550.0601,51113.0,0.045,Sell
1619222550.6679,51113.0,0.1,Sell
1619222550.6727,51113.0,0.002,Sell
1619222551.21,51113.0,0.3,Sell
1619222551.21,51113.0,0.017,Sell
1619222551.21,51113.0,1.438,Sell
1619222551.21,51113.0,0.053,Sell
1619222551.8603,51113.0,0.1,Sell
1619222553.3617,51113.0,0.001,Sell
1619222553.4229,51113.0,0.005,Sell
1619222553.5913,51113.5,0.247,Buy
1619222554.274,51113.0,0.108,Sell
1619222554.6585,51113.0,0.186,Sell
1619222554.9809,51113.0,1.233,Sell
1619222555.414,51113.0,0.01,Sell
1619222556.5283,51113.0,0.008,Sell
1619222558.5452,51113.0,0.001,Sell
1619222559.4708,51113.0,0.01,Sell
1619222559.6287,51113.0,0.126,Sell
1619222560.459,51113.0,0.05,Sell
1619222560.6829,51113.0,0.003,Sell
1619222561.3811,51113.0,0.48,Sell
1619222561.5236,51113.0,0.017,Sell
1619222561.5236,51113.0,0.033,Sell
1619222561.5236,51112.0,0.032,Sell
1619222561.5236,51112.0,0.003,Sell
1619222561.5562,51112.0,0.005,Sell
1619222561.717,51105.0,0.004,Sell
1619222561.9591,51105.5,0.003,Buy
1619222562.7992,51105.0,0.515,Sell
1619222563.1628,51105.0,1.08,Sell
1619222563.1628,51105.0,0.2,Sell
1619222563.1628,51105.0,2.201,Sell
1619222563.8524,51105.5,0.002,Buy
1619222563.8524,51105.5,0.005,Buy
1619222563.8524,51105.5,0.082,Buy
1619222564.1897,51105.0,0.047,Sell
1619222564.1897,51105.0,0.3,Sell
1619222564.1897,51105.0,0.06,Sell
1619222565.0053,51105.0,0.001,Sell
1619222565.3111,51100.0,0.007,Sell
1619222565.3111,51100.0,0.001,Sell
1619222565.3111,51100.0,0.015,Sell
1619222565.3204,51094.5,0.029,Sell
1619222565.3204,51094.0,0.059,Sell
1619222565.3204,51094.5,0.021,Sell
1619222565.3312,51084.0,0.003,Sell
1619222565.3426,51084.0,0.015,Sell
1619222566.2656,51084.0,0.482,Sell
1619222566.3154,51078.0,0.002,Sell
1619222566.3154,51075.0,0.001,Sell
1619222566.7062,51058.0,0.001,Sell
1619222566.737,51058.0,0.001,Sell
1619222566.7755,51058.5,0.793,Buy
1619222567.0158,51058.0,0.017,Sell
1619222567.5938,51050.0,0.001,Sell
1619222567.5938,51050.0,0.001,Sell
1619222567.6011,51050.0,0.007,Sell
1619222567.7396,51050.0,0.037,Sell
1619222570.0641,51050.0,0.001,Sell
1619222570.2908,51050.0,0.004,Sell
1619222570.2908,51050.0,0.044,Sell
1619222570.8495,51050.0,2.956,Sell
1619222570.8495,51050.0,0.065,Sell
1619222570.8495,51050.0,0.1,Sell
1619222570.8495,51050.0,0.226,Sell
1619222571.7363,51050.0,0.001,Sell
1619222571.8159,51050.0,1.169,Sell
1619222571.9458,51050.0,0.175,Sell
1619222572.1241,51050.0,0.64,Sell
1619222572.1241,51050.0,9.0,Sell
1619222572.1241,51050.0,0.947,Sell
1619222572.1241,51050.0,5.478,Sell
1619222573.0246,51050.0,0.2,Sell
1619222573.4399,51050.0,1.785,Sell
1619222573.4399,51050.0,0.1,Sell
1619222573.4399,51050.0,8.115,Sell
1619222573.5971,51049.0,0.016,Sell
1619222573.5971,51049.0,0.005,Sell
1619222574.0611,51049.0,0.11,Sell
1619222574.2947,51049.0,0.001,Sell
1619222574.9174,51049.0,0.1,Sell
1619222575.3393,51044.5,0.004,Sell
1619222579.9787,51046.0,0.23,Buy
1619222579.9787,51046.0,0.07,Buy
1619222580.2133,51045.5,0.01,Sell
1619222582.8392,51045.5,0.006,Sell
1619222584.5753,51045.5,0.064,Sell
1619222584.5753,51045.5,0.017,Sell
1619222584.5753,51045.5,2.443,Sell
1619222585.8873,51045.5,0.002,Sell
1619222585.8873,51045.5,0.004,Sell
1619222585.8873,51045.5,1.0,Sell
1619222585.922,51025.0,0.011,Sell
1619222585.922,51025.0,0.001,Sell
1619222585.922,51026.0,0.002,Sell
1619222585.922,51040.0,0.001,Sell
1619222585.922,51045.0,0.008,Sell
1619222585.922,51026.5,0.047,Sell
1619222585.9324,51025.0,0.009,Sell
1619222585.9324,51025.0,0.018,Sell
1619222585.9324,51021.5,0.005,Sell
1619222586.1553,51020.5,0.003,Sell
1619222586.2752,51016.5,0.173,Sell
1619222586.9574,51016.5,0.154,Sell
1619222587.2685,51016.5,0.091,Sell
1619222587.3868,51016.5,0.147,Sell
1619222587.8433,51016.5,0.63,Sell
1619222589.1997,51017.0,0.043,Buy
1619222589.321,51045.5,0.174,Sell
1619222590.1338,51045.5,0.005,Sell
1619222590.2746,51045.5,0.047,Sell
1619222590.4496,51045.5,0.089,Sell
1619222591.8963,51038.0,0.07,Buy
1619222592.044,51037.5,0.066,Sell
1619222592.6316,51037.5,0.013,Sell
1619222593.6777,51019.0,0.011,Sell
1619222593.6777,51019.0,0.005,Sell
1619222593.858,51019.0,0.006,Sell
1619222594.6783,51019.5,0.017,Buy
1619222595.4617,51019.0,0.773,Sell
1619222597.0995,51019.0,0.475,Sell
1619222597.0995,51019.0,0.5,Sell
1619222597.1219,51015.5,0.011,Buy
1619222597.1753,51015.0,0.002,Sell
1619222597.1753,51013.0,0.002,Sell
1619222598.2154,51007.5,0.07,Buy
1619222598.2875,51016.0,0.001,Buy
1619222598.2905,51016.5,0.006,Buy
1619222598.3238,51016.0,0.5,Sell
1619222598.5073,51019.0,0.058,Buy
1619222598.784,51018.5,0.013,Sell
1619222598.8688,51018.5,0.825,Sell
1619222601.1427,51010.0,0.03,Sell
1619222601.1427,51010.0,0.002,Sell
1619222601.1427,51000.5,0.394,Sell
1619222601.1625,51000.0,0.092,Sell
1619222601.1625,51000.0,0.005,Sell
1619222601.1625,51000.0,0.002,Sell
1619222601.1625,51000.0,0.002,Sell
1619222601.1625,51000.0,0.001,Sell
1619222601.1625,51000.0,0.002,Sell
1619222601.1625,51000.5,0.081,Sell
1619222602.2235,51000.0,0.1,Sell
1619222602.7309,51000.0,0.057,Sell
1619222603.5152,51000.0,0.087,Sell
1619222603.8766,51000.0,0.1,Sell
1619222604.2349,51000.0,0.07,Sell
1619222604.2349,51000.0,0.08,Sell
1619222604.2349,51000.0,9.85,Sell
1619222605.3176,51000.0,0.009,Sell
1619222605.8697,51000.0,0.042,Sell
1619222607.789,51000.0,0.099,Sell
1619222607.789,51000.0,0.004,Sell
1619222607.789,50990.5,0.146,Sell
1619222607.789,50998.0,0.001,Sell
1619222607.789,51000.0,0.25,Sell
1619222607.797,50990.5,0.269,Sell
1619222607.797,50989.5,0.05,Sell
1619222607.797,50989.5,0.232,Sell
1619222607.8015,50989.0,0.009,Sell
1619222608.6682,50979.5,0.5,Sell
1619222608.6774,50979.5,0.14,Sell
1619222608.6774,50979.5,0.065,Sell
1619222608.6774,50979.5,0.075,Sell
1619222609.433,50979.0,0.042,Sell
1619222609.9771,50979.0,0.9,Sell
1619222610.121,50979.0,0.9,Sell
1619222610.1609,50979.0,1.382,Sell
1619222611.64,50979.0,0.028,Sell
1619222611.7619,50979.0,0.022,Sell
1619222611.7619,50979.0,0.05,Sell
1619222611.7619,50979.0,0.041,Sell
1619222611.7619,50979.0,0.1,Sell
1619222611.8811,50975.0,0.001,Sell
1619222612.2582,50975.0,0.193,Buy
1619222612.2748,50974.5,0.237,Sell
1619222612.5001,50974.5,1.221,Sell
1619222612.7006,50974.5,0.018,Sell
1619222613.4282,50965.0,2.524,Buy
1619222613.9776,50971.5,0.001,Buy
1619222614.3533,50978.5,0.445,Sell
1619222614.3533,50978.5,1.867,Sell
1619222614.3533,50978.5,0.282,Sell
1619222614.3533,50978.5,0.006,Sell
1619222617.2579,50978.5,0.07,Sell
1619222617.2579,50978.5,0.25,Sell
1619222617.2579,50967.0,0.63,Sell
1619222617.2579,50978.5,0.05,Sell
1619222618.9397,50966.0,0.05,Sell
1619222618.9397,50966.0,0.417,Sell
1619222618.9425,50966.0,0.1,Sell
1619222619.3854,50966.5,0.05,Buy
1619222620.2263,50966.0,0.062,Sell
1619222620.3783,50966.0,0.15,Sell
1619222620.7166,50961.5,0.001,Sell
1619222621.1194,50958.5,0.302,Sell
1619222622.1487,50951.5,0.002,Sell
1619222622.1487,50957.5,0.002,Sell
1619222622.1556,50950.0,0.001,Sell
1619222622.1556,50950.0,0.077,Sell
1619222622.1671,50950.0,0.05,Sell
1619222622.5888,50950.0,0.003,Sell
1619222622.5888,50950.0,0.08,Sell
1619222622.5888,50950.0,0.02,Sell
1619222622.5888,50939.5,0.048,Sell
1619222623.4346,50935.5,0.02,Sell
1619222623.5082,50928.0,0.001,Sell
1619222623.5082,50928.0,0.003,Sell
1619222623.5102,50928.0,0.009,Sell
1619222623.5164,50928.0,0.4,Sell
1619222623.6163,50928.0,0.003,Sell
1619222623.9714,50928.0,0.003,Sell
1619222624.3369,50928.0,0.151,Sell
1619222624.3408,50928.5,0.004,Buy
1619222624.5629,50928.0,0.1,Sell
1619222624.9245,50928.0,0.05,Sell
1619222626.4856,50928.0,0.017,Sell
1619222626.5145,50926.0,0.002,Sell
1619222626.5145,50925.0,0.001,Sell
1619222626.5145,50925.0,0.002,Sell
1619222626.5145,50923.0,0.014,Sell
1619222626.5247,50923.0,0.039,Sell
1619222627.8192,50923.0,0.1,Sell
1619222628.911,50923.0,0.076,Sell
1619222630.0285,50923.0,0.008,Sell
1619222630.2601,50923.0,0.038,Sell
1619222630.3966,50924.0,0.001,Buy
1619222631.4029,50928.0,0.01,Sell
1619222632.2969,50928.0,8.726,Sell
1619222632.2969,50928.0,0.05,Sell
1619222632.2969,50928.0,0.6,Sell
1619222632.2969,50928.0,0.624,Sell
1619222632.2969,50928.0,8.0,Sell
1619222632.3525,50928.0,0.472,Sell
1619222632.6281,50928.5,0.563,Buy
1619222632.6281,50928.5,0.137,Buy
1619222633.2061,50928.0,0.1,Sell
1619222633.2061,50928.0,0.354,Sell
1619222633.4809,50928.5,1.808,Buy
1619222636.5402,50923.5,0.02,Sell
1619222637.1357,50924.0,0.025,Buy
1619222637.6005,50920.0,0.002,Sell
1619222637.6005,50920.0,0.002,Sell
1619222637.6005,50917.0,0.093,Sell
1619222637.6005,50923.5,0.812,Sell
1619222637.6005,50923.0,0.037,Sell
1619222637.6005,50923.5,0.05,Sell
1619222638.1629,50917.5,0.211,Buy
1619222638.5732,50917.0,0.1,Sell
1619222638.9497,50917.0,0.412,Sell
1619222639.1659,50917.0,0.041,Sell
1619222639.3625,50917.0,0.1,Sell
1619222639.5519,50917.0,4.11,Sell
1619222639.561,50914.0,0.001,Sell
1619222639.561,50912.0,0.002,Sell
1619222639.561,50909.5,0.046,Sell
1619222639.561,50905.0,0.065,Sell
1619222639.561,50904.0,0.086,Sell
1619222639.5729,50903.0,0.01,Sell
1619222639.7357,50900.0,0.005,Sell
1619222639.7357,50900.0,0.001,Sell
1619222639.7357,50900.0,0.002,Sell
1619222639.7357,50900.0,0.002,Sell
1619222639.7433,50897.5,0.103,Sell
1619222639.7435,50897.5,0.028,Sell
1619222639.7435,50897.5,0.004,Sell
1619222639.9604,50897.5,0.05,Sell
1619222640.1972,50898.0,0.015,Buy
1619222640.1972,50898.0,0.985,Buy
1619222641.7387,50897.5,0.066,Sell
1619222641.8913,50897.5,0.034,Sell
1619222641.8913,50888.5,0.404,Sell
1619222641.9368,50888.5,0.01,Sell
1619222642.6656,50888.5,0.022,Sell
1619222642.8955,50888.5,0.065,Sell
1619222642.8955,50888.5,0.078,Sell
1619222642.8955,50888.5,0.06,Sell
1619222643.0573,50888.5,0.032,Sell
1619222643.0573,50888.5,0.035,Sell
1619222643.0573,50888.5,0.1,Sell
1619222645.0628,50885.5,0.06,Sell
1619222645.7758,50885.0,0.001,Sell
1619222645.8558,50884.0,0.003,Sell
1619222646.0967,50882.0,0.56,Sell
1619222646.4063,50882.0,0.092,Sell
1619222646.9881,50879.5,0.06,Sell
1619222646.999,50879.5,0.026,Sell
1619222647.0094,50879.5,0.143,Sell
1619222647.5144,50880.0,0.012,Buy
1619222647.5957,50880.5,0.001,Buy
1619222647.5971,50880.0,0.195,Sell
1619222647.5971,50880.0,0.005,Sell
1619222647.8079,50882.0,0.634,Sell
1619222647.8079,50882.0,1.012,Sell
1619222647.8079,50882.0,0.394,Sell
1619222647.8079,50882.0,6.961,Sell
1619222647.8079,50882.0,0.006,Sell
1619222647.8588,50882.0,0.456,Sell
1619222648.9574,50881.5,0.05,Sell
1619222648.9574,50880.5,0.049,Sell
1619222648.9685,50880.5,0.35,Sell
1619222649.7182,50880.0,0.023,Sell
1619222650.3246,50880.5,0.001,Buy
1619222651.5239,50880.5,0.009,Buy
1619222652.1561,50877.5,0.216,Sell
1619222652.8985,50870.5,0.001,Sell
1619222652.8985,50856.5,1.524,Sell
1619222652.8985,50857.0,0.046,Sell
1619222652.8985,50861.5,0.066,Sell
1619222652.8985,50875.0,0.01,Sell
1619222652.8985,50875.0,0.001,Sell
1619222652.8985,50874.0,0.01,Sell
1619222652.8985,50877.5,0.084,Sell
1619222652.8985,50876.0,0.3,Sell
1619222652.8985,50876.0,0.001,Sell
1619222652.981,50856.0,0.001,Buy
1619222653.3039,50853.0,0.158,Sell
1619222653.7171,50853.0,0.309,Sell
1619222654.0159,50851.0,0.001,Sell
1619222654.2042,50850.0,0.001,Sell
1619222654.2042,50850.0,0.003,Sell
1619222654.2042,50850.0,0.048,Sell
1619222654.4923,50850.0,0.009,Sell
1619222655.5025,50849.0,0.015,Sell
1619222655.5025,50847.5,6.607,Sell
1619222655.5025,50850.0,0.1,Sell
1619222655.5025,50850.0,0.098,Sell
1619222655.5025,50850.0,0.021,Sell
1619222656.4177,50845.0,0.001,Sell
1619222656.8441,50854.5,0.099,Sell
1619222657.3792,50858.0,0.005,Sell
1619222657.8721,50852.0,0.2,Sell
1619222657.9888,50852.0,0.465,Sell
1619222658.2001,50852.0,0.214,Sell
1619222659.074,50852.0,0.145,Buy
1619222659.4497,50852.0,0.058,Buy
1619222659.8335,50851.5,0.032,Sell
1619222660.2181,50851.5,0.015,Sell
1619222660.9157,50839.5,0.001,Sell
1619222661.6196,50840.0,0.058,Buy
1619222663.5349,50836.5,0.033,Sell
1619222665.2237,50836.5,0.067,Sell
1619222665.2572,50836.0,0.002,Sell
1619222665.3616,50832.5,0.614,Sell
1619222665.371,50832.0,0.005,Sell
1619222665.4128,50830.0,0.002,Sell
1619222665.4128,50825.5,0.002,Sell
1619222665.4128,50825.0,0.001,Sell
1619222665.4128,50825.0,0.002,Sell
1619222665.4128,50825.0,0.002,Sell
1619222666.2181,50825.0,0.098,Sell
1619222666.2181,50825.0,0.058,Sell
1619222666.2181,50821.5,0.844,Sell
1619222666.3468,50820.5,0.017,Sell
1619222666.6169,50820.0,0.001,Sell
1619222667.4151,50815.0,0.036,Sell
1619222667.4151,50817.0,0.494,Sell
1619222667.4234,50812.0,0.002,Sell
1619222667.4234,50810.0,0.001,Sell
1619222667.4234,50809.0,0.007,Sell
1619222668.1067,50809.0,0.053,Sell
1619222668.1067,50809.0,4.947,Sell
1619222668.5034,50809.0,0.054,Sell
1619222668.9793,50809.0,3.894,Sell
1619222668.9793,50809.0,2.25,Sell
1619222668.9793,50809.0,0.065,Sell
1619222668.9793,50809.0,0.1,Sell
1619222668.9793,50809.0,3.691,Sell
1619222669.0665,50809.0,0.254,Sell
1619222669.5869,50809.0,1.268,Sell
1619222670.4825,50809.0,0.037,Sell
1619222670.7559,50809.0,0.036,Sell
1619222670.7559,50809.0,0.043,Sell
1619222670.7559,50809.0,1.421,Sell
1619222670.8367,50809.0,0.05,Sell
1619222670.8554,50809.5,0.07,Buy
1619222670.8554,50809.5,0.03,Buy
1619222671.0172,50809.0,0.25,Sell
1619222672.0607,50809.0,0.663,Sell
1619222672.3136,50809.0,0.005,Sell
1619222672.4365,50809.0,0.037,Sell
1619222672.6826,50809.0,0.011,Sell
1619222673.9026,50809.0,0.119,Sell
1619222675.439,50809.0,4.235,Sell
1619222675.9215,50809.5,0.04,Buy
1619222675.9215,50809.5,0.3,Buy
1619222675.9215,50809.5,0.472,Buy
1619222676.6237,50809.0,0.01,Sell
1619222677.1635,50809.0,0.02,Sell
1619222677.1635,50809.0,0.01,Sell
1619222677.2351,50806.0,0.001,Sell
1619222677.2351,50804.0,0.002,Sell
1619222677.2463,50801.0,0.013,Sell
1619222677.2575,50801.0,0.006,Sell
1619222677.7386,50801.0,0.021,Sell
1619222678.2699,50801.0,0.01,Sell
1619222678.2699,50801.0,0.01,Sell
1619222678.4533,50801.0,0.055,Sell
1619222679.188,50801.0,0.107,Sell
1619222683.469,50800.0,0.02,Sell
1619222683.469,50800.0,0.058,Sell
1619222683.469,50800.0,0.1,Sell
1619222683.469,50800.0,0.05,Sell
1619222683.469,50800.0,0.058,Sell
1619222683.469,50800.0,0.058,Sell
1619222683.469,50800.0,0.001,Sell
1619222683.469,50800.0,0.001,Sell
1619222683.469,50800.0,0.3,Sell
1619222683.469,50800.0,0.005,Sell
1619222683.469,50800.0,0.001,Sell
1619222683.469,50800.0,0.005,Sell
1619222683.469,50800.0,0.005,Sell
1619222683.469,50800.0,0.002,Sell
1619222683.469,50800.0,0.002,Sell
1619222683.469,50800.0,0.01,Sell
1619222683.4773,50795.0,0.3,Sell
1619222683.4773,50793.0,0.002,Sell
1619222683.4773,50789.0,0.048,Sell
1619222683.4773,50788.0,0.001,Sell
1619222683.4773,50787.0,0.04,Sell
1619222683.4773,50787.0,1.255,Sell
1619222683.4895,50786.0,0.793,Sell
1619222684.1013,50786.0,0.05,Sell
1619222684.7092,50786.0,0.157,Sell
1619222684.7106,50783.5,0.001,Sell
1619222684.7116,50780.0,0.1,Sell
1619222684.7186,50775.0,0.001,Sell
1619222685.7571,50774.5,0.004,Sell
1619222686.0143,50774.5,0.011,Sell
1619222686.1113,50774.5,0.039,Sell
1619222686.1113,50774.5,0.1,Sell
1619222686.1113,50774.5,0.011,Sell
1619222687.3192,50770.0,0.001,Sell
1619222687.4911,50762.5,0.06,Sell
1619222687.4911,50760.5,0.294,Sell
1619222687.4911,50762.5,0.001,Sell
1619222687.4911,50762.5,0.001,Sell
1619222687.4911,50762.5,0.1,Sell
1619222687.4983,50760.5,0.692,Sell
1619222687.5844,50760.5,0.43,Sell
1619222687.5844,50760.5,0.07,Sell
1619222689.1575,50762.0,0.003,Sell
1619222689.9784,50762.0,0.198,Sell
1619222690.4928,50762.0,0.132,Sell
1619222691.5201,50784.5,0.193,Sell
1619222691.5201,50784.5,0.098,Sell
1619222692.7815,50785.0,0.317,Buy
1619222693.3716,50784.5,0.1,Sell
1619222696.0416,50774.5,0.03,Buy
1619222697.4923,50774.5,1.096,Buy
1619222698.7149,50774.0,0.005,Sell
1619222699.1693,50774.0,0.095,Sell
1619222699.1693,50774.0,0.06,Sell
1619222699.1693,50774.0,0.08,Sell
1619222699.1693,50774.0,0.1,Sell
1619222699.1693,50774.0,0.055,Sell
1619222699.1947,50774.0,0.001,Sell
1619222700.2191,50775.0,0.002,Sell
1619222701.5281,50775.5,0.325,Buy
1619222701.5281,50775.5,0.5,Buy
1619222702.4128,50775.0,0.029,Sell
1619222702.6862,50775.5,0.054,Buy
1619222703.1461,50775.5,0.1,Buy
1619222703.854,50776.0,0.1,Sell
1619222704.2106,50776.5,0.029,Buy
1619222704.2106,50776.5,0.041,Buy
1619222705.1801,50777.0,0.01,Buy
1619222705.4226,50776.5,0.028,Sell
1619222705.7042,50777.0,0.673,Buy
1619222705.7042,50777.0,0.154,Buy
1619222705.7042,50777.0,0.146,Buy
1619222705.7042,50777.0,0.007,Buy
1619222705.7042,50777.0,0.01,Buy
1619222705.7042,50777.0,0.01,Buy
1619222705.7822,50779.0,1.315,Sell
1619222706.3637,50784.0,0.154,Sell
1619222706.4711,50784.0,0.112,Sell
1619222706.5007,50784.5,0.002,Buy
1619222706.9536,50786.5,0.112,Buy
1619222707.1796,50787.0,0.173,Buy
1619222707.6835,50787.0,0.146,Buy
1619222707.6835,50788.0,0.517,Buy
1619222707.7604,50799.5,0.047,Buy
1619222707.7604,50799.5,1.205,Buy
1619222708.3036,50809.0,0.079,Buy
1619222708.3036,50809.0,0.17,Buy
1619222708.3036,50800.0,0.2,Buy
1619222708.3036,50800.0,0.01,Buy
1619222708.3036,50800.0,0.01,Buy
1619222708.3036,50800.0,0.05,Buy
1619222708.4625,50809.0,0.07,Buy
1619222708.755,50809.0,0.002,Buy
1619222709.1231,50809.0,0.07,Buy
1619222710.363,50809.0,0.279,Buy
1619222710.363,50822.5,0.049,Buy
1619222710.363,50823.0,0.063,Buy
1619222710.363,50830.0,0.109,Buy
1619222710.3698,50830.0,0.062,Buy
1619222711.8552,50830.0,0.026,Buy
1619222711.9328,50830.0,0.02,Buy
1619222712.6419,50830.0,0.1,Buy
1619222712.7377,50830.0,0.563,Buy
1619222712.7972,50830.0,0.001,Buy
1619222712.868,50830.0,0.176,Buy
1619222713.5154,50830.0,0.005,Buy
1619222713.8923,50830.0,0.189,Buy
1619222713.8923,50830.0,0.011,Buy
1619222714.4959,50830.0,0.2,Buy
1619222714.6502,50830.0,0.116,Buy
1619222715.6809,50829.5,0.001,Sell
1619222715.6809,50829.5,0.001,Sell
1619222715.6809,50822.5,0.006,Sell
1619222715.987,50808.5,0.1,Buy
1619222716.9276,50817.5,0.288,Buy
1619222717.6747,50816.5,0.076,Sell
1619222719.3518,50817.0,0.017,Buy
1619222719.3518,50817.0,0.173,Buy
1619222720.4908,50817.5,0.001,Sell
1619222721.0908,50830.0,0.001,Buy
1619222721.0908,50830.0,0.001,Buy
1619222721.0908,50830.0,0.027,Buy
1619222722.0301,50829.5,0.159,Sell
1619222723.8206,50830.0,0.039,Buy
1619222723.8884,50830.0,0.022,Buy
1619222723.8884,50830.0,0.034,Buy
1619222725.6215,50831.5,0.007,Buy
1619222725.6215,50831.5,0.017,Buy
1619222725.6215,50831.5,0.004,Buy
1619222725.9494,50831.5,0.454,Buy
1619222726.4993,50831.5,0.004,Buy
1619222727.0956,50817.0,0.002,Sell
1619222730.2604,50824.5,0.163,Buy
1619222731.928,50824.5,0.022,Sell
1619222734.0551,50801.5,0.098,Buy
1619222734.1655,50801.0,5.072,Sell
1619222735.7806,50801.5,0.002,Buy
1619222736.0938,50801.5,0.005,Buy
1619222736.6339,50800.0,0.43,Sell
1619222736.6339,50799.5,0.1,Sell
1619222736.8714,50786.5,0.021,Buy
1619222737.6012,50786.0,0.1,Sell
1619222737.6012,50786.0,0.1,Sell
1619222738.0797,50786.0,0.021,Sell
1619222738.0797,50780.5,0.001,Sell
1619222738.3961,50780.5,0.016,Sell
1619222739.006,50780.5,0.005,Buy
1619222739.006,50780.5,0.001,Buy
1619222741.7762,50780.0,0.087,Sell
1619222742.9683,50780.5,0.417,Buy
1619222743.7062,50765.0,0.008,Sell
1619222743.7062,50761.5,0.764,Sell
1619222743.7062,50780.0,0.1,Sell
1619222743.7062,50780.0,0.3,Sell
1619222743.7062,50763.5,0.3,Sell
1619222743.7062,50780.0,0.017,Sell
1619222743.7062,50780.0,0.031,Sell
1619222743.713,50759.0,0.066,Sell
1619222743.713,50758.5,0.05,Sell
1619222743.713,50758.5,0.547,Sell
1619222744.5869,50758.5,0.2,Sell
1619222744.7111,50758.5,0.541,Sell
1619222744.7926,50759.0,0.01,Buy
1619222746.0222,50780.0,0.025,Buy
1619222746.0222,50780.5,0.08,Buy
1619222746.0222,50782.5,0.483,Buy
1619222749.3628,50796.5,0.023,Buy
1619222749.762,50796.5,0.018,Buy
1619222751.1004,50776.5,0.002,Buy
1619222752.6038,50776.0,0.017,Sell
1619222757.1934,50776.0,0.008,Sell
1619222757.6123,50776.0,0.059,Sell
1619222757.6123,50776.0,0.002,Sell
1619222757.7646,50757.5,0.002,Sell
1619222757.768,50757.5,0.007,Sell
1619222759.1487,50758.0,0.237,Buy
1619222764.4507,50757.5,0.022,Sell
1619222764.587,50758.0,0.1,Buy
1619222765.3869,50757.5,0.001,Sell
1619222769.1294,50757.5,0.014,Sell
1619222770.0472,50757.5,0.033,Sell
1619222771.4023,50757.5,0.149,Sell
1619222771.4593,50757.5,0.08,Sell
1619222773.2865,50757.5,0.001,Sell
1619222773.2865,50757.5,0.005,Sell
1619222773.5193,50757.5,0.002,Sell
1619222773.8028,50757.5,0.006,Sell
1619222776.3705,50757.5,0.001,Sell
1619222778.6604,50757.5,0.05,Sell
1619222779.0398,50757.5,2.13,Sell
1619222783.042,50757.5,0.176,Sell
1619222786.8423,50757.5,0.176,Sell
1619222788.4723,50757.5,0.007,Sell
1619222789.6045,50757.5,0.1,Sell
1619222790.6676,50757.5,0.12,Sell
1619222791.5466,50758.0,1.2,Buy
1619222792.5487,50757.5,0.042,Sell
1619222794.325,50758.0,0.025,Buy
1619222797.2744,50758.0,0.109,Buy
1619222797.5409,50757.5,0.006,Sell
1619222797.904,50757.5,0.022,Sell
1619222798.013,50758.0,0.459,Buy
1619222800.522,50757.5,0.533,Sell
1619222800.9736,50757.5,0.059,Sell
1619222807.8548,50757.5,0.013,Sell
1619222810.3435,50758.0,1.0,Buy
1619222811.3177,50757.5,1.252,Sell
1619222811.8883,50757.5,0.054,Sell
1619222811.8883,50757.5,0.008,Sell
1619222811.8883,50757.5,0.034,Sell
1619222812.1765,50757.5,0.016,Sell
1619222812.1765,50757.5,0.035,Sell
1619222814.3799,50757.5,0.05,Sell
1619222814.3799,50757.5,0.011,Sell
1619222814.3799,50757.5,0.009,Sell
1619222814.5101,50757.5,0.07,Sell
1619222817.953,50757.5,0.421,Sell
1619222817.953,50757.0,0.203,Sell
1619222817.953,50755.5,0.282,Sell
1619222817.953,50750.0,0.037,Sell
1619222817.9693,50758.0,0.2,Buy
1619222817.9825,50750.0,0.006,Sell
1619222817.9825,50750.0,0.003,Sell
1619222817.9825,50750.0,0.003,Sell
1619222818.1233,50750.5,0.024,Buy
1619222818.1233,50750.5,0.314,Buy
1619222820.7221,50750.0,0.014,Sell
1619222821.0008,50750.0,0.018,Sell
1619222821.4602,50750.5,0.171,Buy
1619222822.2616,50750.0,0.1,Sell
1619222822.2616,50750.0,0.033,Sell
1619222822.2616,50750.0,0.001,Sell
1619222822.2616,50750.0,0.003,Sell
1619222822.2616,50750.0,0.05,Sell
1619222822.2616,50750.0,0.01,Sell
1619222822.2616,50750.0,0.022,Sell
1619222822.2616,50750.0,0.2,Sell
1619222822.2616,50750.0,0.05,Sell
1619222822.2616,50750.0,0.001,Sell
1619222822.3024,50747.0,0.001,Sell
1619222823.3989,50733.0,0.03,Sell
1619222823.3989,50730.5,0.1,Sell
1619222823.3989,50730.0,0.01,Sell
1619222823.3989,50724.0,0.002,Sell
1619222823.3989,50720.0,0.029,Sell
1619222823.4062,50720.0,0.022,Sell
1619222823.4067,50720.0,0.044,Sell
1619222823.4077,50720.0,0.001,Sell
1619222823.6103,50723.0,0.011,Sell
1619222823.7437,50720.0,0.42,Sell
1619222824.4712,50720.0,0.159,Sell
1619222824.6132,50720.0,0.06,Sell
1619222824.6132,50720.0,0.1,Sell
1619222824.6132,50720.0,0.08,Sell
1619222824.6132,50720.0,0.065,Sell
1619222824.6132,50720.0,0.424,Sell
1619222824.6132,50720.0,0.171,Sell
1619222824.6132,50720.0,0.1,Sell
1619222825.6971,50720.5,0.001,Buy
1619222827.2748,50720.0,0.1,Sell
1619222827.2748,50720.0,0.5,Sell
1619222827.4012,50720.0,0.2,Sell
1619222828.0757,50720.0,0.02,Sell
1619222828.9497,50720.0,0.1,Sell
1619222830.6549,50720.0,0.005,Sell
1619222831.5683,50720.0,0.002,Sell
1619222831.9437,50720.0,0.158,Sell
1619222832.5817,50720.0,1.942,Sell
1619222833.0168,50711.0,0.002,Sell
1619222833.0168,50710.5,0.012,Sell
1619222833.139,50710.0,0.02,Sell
1619222835.6095,50710.0,0.011,Sell
1619222835.6317,50710.0,0.001,Sell
1619222835.6317,50710.0,0.026,Sell
1619222836.5105,50710.0,0.042,Sell
1619222836.9982,50710.0,0.001,Sell
1619222840.9746,50710.0,0.01,Sell
1619222841.2313,50710.0,0.082,Sell
1619222841.2392,50710.0,0.01,Sell
1619222841.5965,50710.5,0.1,Buy
1619222842.0738,50710.0,3.046,Sell
1619222842.0738,50710.0,0.459,Sell
1619222842.1367,50702.0,0.003,Sell
1619222842.1756,50701.0,0.002,Sell
1619222842.1756,50701.0,0.008,Sell
1619222843.0316,50701.5,0.005,Buy
1619222843.0316,50701.5,0.001,Buy
1619222843.8053,50701.0,1.158,Sell
1619222843.8053,50701.0,0.042,Sell
1619222846.0011,50709.5,0.041,Sell
1619222846.2024,50710.0,0.031,Buy
1619222846.2107,50709.5,0.006,Sell
1619222846.2371,50710.0,0.007,Buy
1619222846.3175,50711.0,0.1,Buy
1619222847.4223,50720.5,0.016,Buy
1619222847.4223,50720.5,0.01,Buy
1619222847.4223,50734.5,0.05,Buy
1619222847.4223,50736.5,0.05,Buy
1619222847.4223,50737.5,0.05,Buy
1619222847.4223,50745.5,0.05,Buy
1619222847.4223,50746.0,0.074,Buy
1619222847.4293,50746.0,9.669,Buy
1619222847.4293,50746.5,0.677,Buy
1619222849.0923,50747.0,0.013,Sell
1619222851.6599,50747.5,0.012,Buy
1619222851.8288,50747.5,0.159,Buy
1619222851.8288,50747.5,0.005,Buy
1619222852.4406,50747.5,0.4,Buy
1619222852.856,50747.5,1.099,Buy
1619222853.0102,50773.0,0.495,Buy
1619222853.0102,50771.5,0.05,Buy
1619222853.0102,50771.0,0.05,Buy
1619222853.0102,50769.5,0.05,Buy
1619222853.0102,50769.5,0.05,Buy
1619222853.0102,50760.0,0.01,Buy
1619222853.0102,50760.0,0.01,Buy
1619222853.0102,50766.5,0.07,Buy
1619222853.0102,50750.0,0.044,Buy
1619222853.0102,50758.0,0.003,Buy
1619222853.0102,50750.0,0.05,Buy
1619222853.0329,50775.0,0.533,Buy
1619222855.4683,50774.5,0.017,Buy
1619222855.4683,50774.5,0.07,Buy
1619222855.6707,50774.5,0.04,Buy
1619222856.0356,50774.5,0.32,Buy
1619222856.0356,50774.5,0.16,Buy
1619222856.0855,50774.5,0.167,Buy
1619222856.1534,50774.0,0.05,Sell
1619222856.1534,50774.0,0.05,Sell
1619222856.1534,50774.0,0.05,Sell
1619222856.1534,50774.0,0.03,Sell
1619222857.0456,50774.5,0.082,Buy
1619222859.3383,50774.5,0.042,Buy
1619222859.8825,50774.5,0.023,Buy
1619222860.1106,50774.5,0.043,Buy
1619222860.3982,50774.5,0.169,Buy
1619222860.4513,50774.0,0.053,Sell
1619222860.8618,50774.0,0.007,Sell
1619222861.1439,50774.5,0.012,Buy
1619222861.4808,50774.0,0.998,Sell
1619222863.9866,50774.5,0.011,Buy
1619222863.9866,50774.5,0.014,Buy
1619222864.0298,50774.5,0.006,Buy
1619222864.1772,50774.5,0.036,Buy
1619222866.1762,50774.0,0.026,Sell
1619222866.2557,50774.5,0.153,Buy
1619222866.7629,50774.5,0.003,Buy
1619222868.1516,50774.5,0.354,Buy
1619222868.6318,50774.5,0.144,Buy
1619222869.9122,50774.5,0.013,Buy
1619222869.9657,50774.5,0.043,Buy
1619222869.9657,50774.5,0.211,Buy
1619222870.2904,50774.5,0.002,Buy
1619222871.4237,50774.0,0.005,Sell
1619222874.7899,50774.5,0.087,Buy
1619222874.7899,50774.5,0.013,Buy
1619222875.3873,50774.5,0.001,Buy
1619222875.6076,50774.5,0.086,Buy
1619222877.9495,50774.0,0.02,Sell
1619222878.1148,50774.0,0.02,Sell
1619222878.2428,50774.5,0.014,Buy
1619222878.3651,50774.5,0.001,Buy
1619222878.655,50774.5,0.1,Buy
1619222878.9288,50774.0,0.5,Sell
1619222881.3054,50774.0,0.033,Sell
1619222881.3054,50770.0,0.003,Sell
1619222881.3054,50750.0,0.03,Sell
1619222881.3054,50749.0,0.034,Sell
1619222882.2453,50749.0,0.1,Sell
1619222882.6863,50749.0,0.215,Sell
1619222882.6863,50749.0,0.017,Sell
1619222882.6863,50749.0,0.211,Sell
1619222882.844,50749.5,0.022,Buy
1619222882.8574,50747.0,0.002,Sell
1619222882.8574,50745.0,0.001,Sell
1619222882.8574,50745.0,0.001,Sell
1619222882.8574,50749.0,0.011,Sell
1619222883.5848,50744.5,0.475,Sell
1619222883.5848,50733.5,0.033,Sell
1619222883.5848,50728.0,0.05,Sell
1619222883.5848,50728.0,0.05,Sell
1619222883.5848,50725.5,1.653,Sell
1619222883.5936,50725.5,0.315,Sell
1619222883.6254,50726.0,0.001,Buy
1619222883.9105,50725.5,0.13,Sell
1619222884.8696,50725.5,0.1,Sell
1619222885.6255,50725.5,0.001,Sell
1619222886.0685,50725.5,0.011,Sell
1619222886.5136,50725.5,0.519,Sell
1619222888.0464,50726.5,0.639,Sell
1619222890.0145,50741.5,0.209,Sell
1619222890.6186,50741.5,0.001,Sell
1619222891.5368,50742.0,0.05,Buy
1619222891.5368,50742.0,0.832,Buy
1619222891.7401,50741.5,0.018,Sell
1619222892.6686,50741.5,0.168,Sell
1619222893.6227,50741.5,0.132,Sell
1619222893.6227,50741.5,0.036,Sell
1619222894.0715,50742.0,0.103,Buy
1619222896.5042,50741.5,0.001,Sell
1619222896.5042,50741.5,0.064,Sell
1619222896.5042,50741.5,0.001,Sell
1619222896.5042,50741.5,0.007,Sell
1619222896.8224,50741.5,0.073,Sell
1619222901.3758,50742.0,0.03,Buy
1619222903.8322,50741.5,0.05,Sell
1619222904.5211,50741.5,0.07,Sell
1619222904.5211,50741.5,0.01,Sell
1619222904.5211,50741.5,0.024,Sell
1619222904.958,50725.5,0.003,Sell
1619222904.958,50724.5,0.001,Sell
1619222905.769,50720.0,0.002,Sell
1619222905.769,50720.0,0.032,Sell
1619222905.769,50720.0,0.001,Sell
1619222905.769,50720.0,0.965,Sell
1619222906.3651,50720.0,0.092,Sell
1619222906.4741,50720.0,0.026,Sell
1619222907.3872,50720.5,0.12,Buy
1619222907.6823,50720.0,0.01,Sell
1619222907.8444,50720.0,0.05,Sell
1619222908.2848,50707.0,0.133,Sell
1619222910.0476,50720.0,0.008,Sell
1619222910.4347,50720.0,0.042,Sell
1619222910.4347,50720.0,0.208,Sell
1619222910.4538,50720.0,0.11,Sell
1619222910.8952,50720.0,0.3,Sell
1619222910.8952,50720.0,0.125,Sell
1619222912.8498,50720.0,0.2,Sell
1619222912.8498,50720.0,0.07,Sell
1619222912.8498,50720.0,0.017,Sell
1619222912.8498,50719.5,0.05,Sell
1619222912.8498,50710.5,1.946,Sell
1619222914.1677,50700.5,0.014,Sell
1619222915.7807,50700.5,0.854,Buy
1619222916.6512,50700.0,0.033,Sell
1619222916.6512,50700.0,0.005,Sell
1619222916.6512,50700.0,0.002,Sell
1619222916.6512,50700.0,0.002,Sell
1619222916.6599,50700.0,0.01,Sell
1619222916.6606,50700.0,0.05,Sell
1619222916.6606,50700.0,0.057,Sell
1619222916.6606,50700.0,0.01,Sell
1619222916.6606,50700.0,0.1,Sell
1619222916.6606,50700.0,0.01,Sell
1619222916.6606,50700.0,0.192,Sell
1619222917.405,50700.0,0.046,Sell
1619222919.7931,50700.0,0.111,Sell
1619222926.8393,50700.5,0.08,Sell
1619222929.4627,50700.5,0.023,Sell
1619222929.5475,50700.5,0.377,Sell
1619222929.5475,50700.5,0.027,Sell
1619222929.5917,50700.5,0.02,Sell
1619222929.9036,50700.5,0.02,Sell
1619222931.2705,50700.5,0.003,Sell
1619222936.7152,50701.0,0.004,Buy
1619222936.7152,50701.0,0.3,Buy
1619222936.7152,50701.0,0.694,Buy
1619222937.3618,50701.0,0.386,Buy
1619222937.3618,50701.0,0.614,Buy
1619222938.0068,50701.0,0.438,Buy
1619222940.4007,50700.5,0.1,Sell
1619222940.6176,50700.5,0.001,Sell
1619222946.7578,50700.5,0.083,Sell
1619222946.7578,50700.5,0.017,Sell
1619222946.8501,50700.5,0.1,Sell
1619222947.5656,50700.5,0.101,Sell
1619222947.5656,50700.5,0.036,Sell
1619222947.6558,50700.5,0.168,Sell
1619222950.5592,50701.0,0.001,Buy
1619222951.8881,50700.5,0.096,Sell
1619222951.8881,50700.5,0.045,Sell
1619222953.2322,50701.0,0.002,Buy
1619222953.2322,50701.0,0.002,Buy
1619222953.2322,50701.0,0.393,Buy
1619222953.5738,50700.5,0.001,Sell
1619222956.1561,50700.5,0.048,Sell
1619222956.1561,50700.5,0.003,Sell
1619222956.1561,50700.5,0.15,Sell
1619222956.6028,50701.0,1.942,Buy
1619222961.4819,50701.0,0.189,Buy
1619222961.4819,50701.0,0.001,Buy
1619222961.4819,50701.0,0.016,Buy
1619222961.4819,50701.0,0.3,Buy
1619222961.4819,50702.0,0.003,Buy
1619222961.4819,50701.0,0.35,Buy
1619222961.4819,50701.0,0.64,Buy
1619222961.4819,50701.0,0.64,Buy
1619222961.4819,50701.5,0.004,Buy
1619222961.4819,50702.0,0.004,Buy
1619222961.4819,50702.0,0.003,Buy
1619222961.4819,50702.5,3.658,Buy
1619222961.4819,50701.0,3.151,Buy
1619222961.4819,50701.0,0.048,Buy
1619222961.5376,50702.5,0.015,Buy
1619222961.792,50702.0,0.346,Sell
1619222963.2198,50704.0,1.397,Sell
1619222963.3172,50704.0,0.029,Sell
1619222963.6872,50704.0,0.05,Sell
1619222965.2866,50704.5,0.002,Buy
1619222965.4017,50704.0,0.012,Sell
1619222967.1798,50704.0,0.004,Sell
1619222967.5829,50704.5,0.003,Buy
1619222968.4393,50704.5,0.004,Buy
1619222968.7157,50704.5,0.001,Buy
1619222970.77,50704.5,0.006,Buy
1619222970.77,50704.5,0.2,Buy
1619222970.77,50704.5,0.3,Buy
1619222970.77,50704.5,0.057,Buy
1619222972.1355,50704.5,0.001,Buy
1619222973.0305,50704.5,0.05,Buy
1619222973.0305,50704.5,0.05,Buy
1619222973.0305,50704.5,3.137,Buy
1619222973.0305,50704.5,3.128,Buy
1619222973.0305,50704.5,0.05,Buy
1619222973.0305,50704.5,3.148,Buy
1619222973.0305,50704.5,0.076,Buy
1619222973.0305,50704.5,0.012,Buy
1619222973.3096,50704.0,0.101,Sell
1619222975.2339,50704.5,0.001,Buy
1619222979.6431,50704.0,0.021,Sell
1619222979.6431,50704.0,0.104,Sell
1619222979.6431,50700.0,0.002,Sell
1619222979.6431,50700.0,0.231,Sell
1619222979.6431,50701.0,0.1,Sell
1619222979.6561,50699.0,0.023,Sell
1619222979.976,50699.0,0.067,Sell
1619222980.0239,50699.0,0.025,Sell
1619222980.2999,50699.0,0.013,Sell
1619222981.6431,50699.0,0.05,Sell
1619222981.6431,50699.0,0.1,Sell
1619222981.716,50687.5,0.002,Sell
1619222981.8306,50687.0,0.5,Sell
1619222982.2952,50687.5,0.001,Buy
1619222983.4918,50687.0,0.084,Sell
1619222984.0099,50687.0,0.25,Sell
1619222985.6348,50687.0,0.52,Sell
1619222985.7034,50686.0,1.0,Sell
1619222986.2004,50675.0,0.001,Sell
1619222986.2004,50680.0,0.1,Sell
1619222986.2004,50675.0,0.001,Sell
1619222986.2004,50675.5,0.001,Sell
1619222986.2004,50661.0,0.004,Sell
1619222986.2004,50680.0,0.002,Sell
1619222986.2004,50680.0,0.01,Sell
1619222986.2079,50660.5,0.047,Sell
1619222986.2079,50661.0,0.002,Sell
1619222986.2079,50680.5,0.132,Buy
1619222986.2079,50661.0,0.041,Sell
1619222986.2204,50660.5,0.001,Sell
1619222986.2363,50661.0,0.08,Buy
1619222986.3174,50660.5,0.132,Sell
1619222986.3274,50661.0,0.022,Buy
1619222986.5424,50661.0,0.001,Buy
1619222986.6374,50660.5,0.948,Sell
1619222986.6374,50660.5,0.775,Sell
1619222987.4609,50661.0,0.01,Buy
1619222989.0375,50660.5,0.05,Sell
1619222990.2775,50661.0,0.144,Buy
1619222990.8214,50660.5,0.174,Sell
1619222990.9991,50661.0,2.13,Buy
1619222993.9623,50661.0,0.005,Buy
1619222996.2929,50660.5,0.005,Sell
1619222996.58,50660.5,0.008,Sell
1619223000.5229,50661.0,0.04,Buy
1619223000.6665,50661.0,3.151,Buy
1619223000.6688,50661.0,3.128,Buy
1619223000.6732,50661.0,3.137,Buy
1619223000.7202,50661.0,0.001,Buy
1619223000.7203,50661.0,0.067,Buy
1619223000.7253,50661.0,0.516,Buy
1619223000.7253,50661.0,0.045,Buy
1619223000.7253,50661.0,0.08,Buy
1619223000.9381,50683.0,0.05,Buy
1619223000.9381,50683.0,0.05,Buy
1619223000.9656,50682.5,0.103,Sell
1619223001.8314,50682.5,0.086,Sell
1619223002.3987,50692.0,0.17,Sell
1619223002.8285,50692.5,0.002,Buy
1619223003.5335,50692.5,0.01,Buy
1619223004.3178,50688.0,0.014,Sell
1619223006.3685,50677.5,0.023,Buy
1619223007.6853,50673.0,0.3,Sell
1619223007.6853,50672.0,0.761,Sell
1619223009.3078,50666.5,0.133,Sell
1619223010.5728,50667.0,0.013,Buy
1619223011.5292,50667.0,0.002,Buy
1619223013.4461,50666.5,0.01,Sell
1619223013.5364,50666.5,0.035,Sell
1619223014.1936,50667.0,0.001,Buy
1619223014.387,50666.5,0.125,Sell
1619223014.387,50666.5,0.122,Sell
1619223014.387,50666.5,0.017,Sell
1619223014.769,50667.0,0.1,Buy
1619223014.8112,50666.5,0.014,Sell
1619223015.1766,50666.5,0.033,Sell
1619223015.3953,50666.5,0.869,Sell
1619223015.535,50666.5,0.001,Sell
1619223015.5572,50666.0,0.001,Sell
1619223015.8277,50665.0,0.093,Sell
1619223016.1729,50665.0,3.0,Buy
1619223016.6339,50664.5,1.017,Sell
1619223017.0268,50665.0,0.039,Buy
1619223017.8757,50665.0,0.001,Buy
1619223019.2641,50665.0,0.042,Buy
1619223020.6723,50665.0,0.05,Buy
1619223021.7825,50665.0,0.001,Buy
1619223023.6978,50665.0,0.003,Buy
1619223024.381,50666.0,0.071,Buy
1619223024.7187,50667.0,5.0,Buy
1619223024.7955,50675.0,0.005,Buy
1619223025.8576,50676.5,0.1,Buy
1619223026.1762,50676.5,0.002,Buy
1619223027.9844,50665.5,0.007,Sell
1619223027.9844,50667.5,0.107,Sell
1619223028.1178,50665.5,0.017,Sell
1619223028.7346,50664.0,0.004,Sell
1619223028.7346,50665.0,0.027,Sell
1619223028.7346,50663.5,0.05,Sell
1619223028.7346,50660.5,0.002,Sell
1619223028.7346,50660.5,0.002,Sell
1619223028.7346,50660.5,0.447,Sell
1619223028.7346,50660.5,0.008,Sell
1619223028.7346,50663.0,0.05,Sell
1619223031.5284,50661.0,0.014,Sell
1619223033.3725,50653.5,0.049,Sell
1619223033.3725,50661.0,0.07,Sell
1619223033.3725,50660.0,0.001,Sell
1619223034.3508,50654.0,0.008,Buy
1619223034.9636,50653.5,0.451,Sell
1619223035.0741,50650.0,0.057,Sell
1619223035.0741,50650.0,0.003,Sell
1619223035.0741,50650.0,0.01,Sell
1619223035.0835,50650.0,0.01,Sell
1619223035.0835,50650.0,0.043,Sell
1619223035.0835,50650.0,0.002,Sell
1619223035.0835,50650.0,0.05,Sell
1619223035.0835,50649.0,0.015,Sell
1619223035.0835,50647.0,0.004,Sell
1619223035.0837,50647.0,0.001,Sell
1619223035.0837,50639.0,0.059,Sell
1619223035.0845,50635.0,0.001,Sell
1619223035.0845,50635.0,0.001,Sell
1619223035.0845,50631.0,0.698,Sell
1619223035.0845,50635.0,0.001,Sell
1619223035.0845,50635.5,0.001,Sell
1619223035.0845,50628.0,0.112,Sell
1619223035.0845,50639.0,0.136,Sell
1619223035.0845,50637.0,0.05,Sell
1619223035.0929,50628.0,0.01,Sell
1619223035.0929,50628.0,0.3,Sell
1619223035.094,50628.0,0.135,Sell
1619223035.1078,50628.0,0.018,Sell
1619223036.1407,50626.0,0.05,Sell
1619223036.1407,50626.0,0.1,Sell
1619223038.039,50626.0,0.061,Sell
1619223040.1278,50626.0,0.185,Sell
1619223040.1278,50624.0,0.002,Sell
1619223040.1278,50620.0,0.118,Sell
1619223040.1391,50616.5,0.003,Buy
1619223040.1987,50610.0,0.002,Sell
1619223040.1987,50615.0,0.001,Sell
1619223040.1987,50610.0,0.002,Sell
1619223040.387,50608.5,0.4,Sell
1619223040.925,50608.5,0.064,Sell
1619223041.4286,50609.0,0.394,Buy
1619223041.6659,50609.0,0.296,Buy
1619223043.3465,50601.0,0.002,Sell
1619223043.3465,50601.0,0.248,Sell
1619223044.3179,50601.0,0.004,Sell
1619223044.686,50603.0,0.067,Buy
1619223044.7208,50603.0,0.07,Buy
1619223044.7208,50603.0,0.003,Buy
1619223045.1275,50629.5,0.073,Sell
1619223045.5526,50630.0,0.01,Buy
1619223045.5526,50630.0,0.06,Buy
1619223045.6571,50630.0,0.04,Buy
1619223045.6571,50630.0,0.01,Buy
1619223046.001,50655.0,0.008,Buy
1619223046.5615,50654.5,0.18,Sell
1619223047.6843,50654.5,0.02,Sell
1619223047.8857,50640.0,1.099,Sell
1619223048.1668,50640.5,0.01,Buy
1619223048.1919,50640.5,0.853,Buy
1619223048.9255,50640.0,0.002,Sell
1619223049.0448,50640.5,0.563,Buy
1619223049.4781,50633.0,0.014,Sell
1619223049.4781,50633.0,0.005,Sell
1619223049.4966,50633.5,0.017,Buy
1619223049.5773,50633.0,0.003,Sell
1619223049.8255,50621.5,0.002,Sell
1619223051.9211,50603.0,0.087,Sell
1619223052.5358,50601.0,0.002,Sell
1619223053.6627,50601.0,0.092,Sell
1619223055.825,50601.0,0.019,Sell
1619223056.1162,50601.5,0.005,Buy
1619223057.456,50601.0,0.002,Sell
1619223057.7413,50601.0,0.016,Sell
1619223059.6034,50601.0,2.393,Sell
1619223059.6034,50601.0,0.01,Sell
1619223059.6732,50600.0,0.02,Sell
1619223059.6732,50600.0,0.3,Sell
1619223059.6732,50600.0,0.005,Sell
1619223059.6732,50600.0,0.002,Sell
1619223059.6732,50600.0,0.002,Sell
1619223059.6732,50600.0,0.01,Sell
1619223059.6732,50600.0,0.02,Sell
1619223059.6732,50600.0,0.1,Sell
1619223059.6732,50600.0,0.01,Sell
1619223059.6732,50600.0,0.002,Sell
1619223059.6732,50600.0,0.02,Sell
1619223059.6732,50600.0,0.03,Sell
1619223059.6816,50595.0,0.001,Sell
1619223059.6816,50586.5,0.04,Sell
1619223059.6816,50587.5,0.002,Sell
1619223059.6823,50586.5,0.028,Sell
1619223059.6966,50586.5,0.02,Sell
1619223059.6967,50586.5,0.01,Sell
1619223059.8057,50587.0,0.024,Buy
1619223059.8057,50587.0,0.012,Buy
1619223059.8057,50587.0,0.164,Buy
1619223059.9303,50587.0,0.012,Buy
1619223061.4233,50586.0,0.004,Sell
1619223061.5365,50586.5,0.008,Buy
1619223061.8741,50586.5,0.1,Buy
1619223062.7555,50586.5,0.5,Buy
1619223063.0143,50586.5,0.036,Buy
1619223063.2715,50586.0,0.002,Sell
1619223064.3071,50586.5,0.004,Buy
1619223064.8776,50586.0,0.004,Sell
1619223066.7989,50586.5,0.002,Buy
1619223066.8343,50586.0,0.99,Sell
1619223066.8343,50581.0,0.013,Sell
1619223066.8343,50578.0,0.001,Sell
1619223066.8425,50575.0,0.228,Sell
1619223066.874,50575.0,0.001,Sell
1619223066.874,50574.5,0.003,Sell
1619223066.874,50575.0,0.04,Sell
1619223066.9248,50570.0,3.15,Sell
1619223066.9248,50570.0,0.001,Sell
1619223067.205,50559.0,0.001,Sell
1619223067.205,50559.0,0.006,Sell
1619223067.205,50559.0,0.01,Sell
1619223067.205,50558.0,0.039,Sell
1619223067.205,50566.5,0.05,Sell
1619223067.205,50564.5,0.001,Sell
1619223067.2142,50558.0,0.033,Sell
1619223068.3531,50555.5,0.914,Buy
1619223068.4187,50555.0,0.003,Sell
1619223068.4189,50555.0,0.027,Sell
1619223068.4189,50555.0,0.001,Sell
1619223068.4346,50551.0,0.15,Sell
1619223068.4697,50551.0,0.85,Sell
1619223068.4697,50550.0,0.003,Sell
1619223068.4697,50550.0,0.06,Sell
1619223068.4697,50550.0,0.1,Sell
1619223068.4942,50548.0,0.001,Sell
1619223068.5021,50530.0,0.166,Sell
1619223068.5021,50532.5,0.041,Sell
1619223068.5021,50530.0,0.002,Sell
1619223068.5021,50539.0,0.045,Sell
1619223068.5021,50532.0,0.045,Sell
1619223068.5021,50540.0,0.1,Sell
1619223068.5021,50540.0,0.011,Sell
1619223068.5021,50547.0,0.003,Sell
1619223068.5021,50540.0,0.2,Sell
1619223068.5123,50530.0,0.023,Sell
1619223069.3458,50530.0,0.041,Sell
1619223070.2821,50525.5,0.027,Buy
1619223070.6411,50525.0,0.002,Sell
1619223071.5195,50516.0,0.002,Sell
1619223071.5195,50520.0,0.1,Sell
1619223071.5195,50524.0,0.158,Sell
1619223071.5195,50525.0,0.05,Sell
1619223071.5195,50525.0,0.028,Sell
1619223071.5195,50523.0,0.002,Sell
1619223072.4187,50510.0,0.002,Sell
1619223072.4187,50510.0,0.12,Sell
1619223072.4261,50510.0,0.248,Sell
1619223072.7086,50506.5,0.005,Sell
1619223072.7086,50508.0,0.1,Sell
1619223072.7086,50505.0,0.148,Sell
1619223072.7086,50510.0,0.05,Sell
1619223072.7086,50510.0,0.132,Sell
1619223072.7086,50508.5,0.5,Sell
1619223072.7268,50505.0,0.035,Sell
1619223072.7486,50502.5,1.192,Sell
1619223072.7486,50504.0,0.001,Sell
1619223072.7486,50505.0,0.135,Sell
1619223072.7486,50505.0,0.045,Sell
1619223072.8968,50501.0,0.002,Sell
1619223072.9382,50500.0,0.003,Sell
1619223072.9382,50500.0,0.001,Sell
1619223072.9382,50500.0,0.002,Sell
1619223072.9382,50500.0,0.15,Sell
1619223072.9382,50500.0,1.354,Sell
1619223072.9382,50500.0,0.01,Sell
1619223072.9382,50493.5,2.171,Sell
1619223072.9382,50500.0,0.002,Sell
1619223072.9382,50500.0,0.1,Sell
1619223072.9382,50500.0,0.002,Sell
1619223072.9382,50500.0,0.001,Sell
1619223072.9382,50500.0,0.005,Sell
1619223072.9382,50500.0,0.002,Sell
1619223072.9382,50500.0,0.01,Sell
1619223072.9465,50500.5,0.007,Buy
1619223072.9465,50500.5,0.231,Buy
1619223072.9465,50500.5,2.023,Buy
1619223072.9466,50493.5,0.7,Sell
1619223072.9467,50493.5,0.033,Sell
1619223073.4504,50492.5,0.01,Sell
1619223073.7788,50495.0,0.005,Buy
1619223073.7788,50493.0,0.014,Buy
1619223074.1121,50514.5,0.05,Buy
1619223074.1121,50514.5,0.118,Buy
1619223074.2538,50514.0,0.03,Sell
1619223074.6332,50514.5,0.006,Buy
1619223075.1585,50514.0,0.63,Sell
1619223075.7796,50514.0,3.0,Sell
1619223076.1765,50514.0,0.024,Sell
1619223076.1918,50511.0,0.045,Sell
1619223076.2917,50499.0,0.045,Sell
1619223076.2917,50499.0,0.022,Sell
1619223077.3909,50491.5,1.329,Buy
1619223077.7978,50491.5,0.012,Buy
1619223078.0714,50512.5,1.16,Sell
1619223078.4411,50506.0,1.017,Buy
1619223078.5954,50505.5,0.103,Buy
1619223079.0071,50505.5,0.194,Buy
1619223079.8921,50505.5,0.047,Buy
1619223080.0114,50505.0,0.008,Sell
1619223080.1155,50505.0,0.02,Sell
1619223080.1369,50505.0,0.031,Sell
1619223080.5893,50491.0,0.05,Sell
1619223080.5893,50487.5,0.002,Sell
1619223080.6,50486.0,0.122,Sell
1619223080.6232,50486.0,0.878,Sell
1619223080.6888,50485.0,0.001,Sell
1619223082.4799,50479.0,0.35,Sell
1619223082.4882,50479.0,0.043,Sell
1619223082.4994,50479.0,0.006,Sell
1619223082.5963,50482.0,0.013,Buy
1619223082.8541,50481.5,0.111,Sell
1619223083.2339,50482.0,0.085,Buy
1619223084.1791,50485.0,0.061,Sell
1619223084.3727,50485.0,0.115,Sell
1619223084.7437,50485.5,0.002,Buy
1619223084.7495,50485.5,1.061,Buy
1619223084.8303,50485.0,0.653,Sell
1619223085.9052,50484.5,0.07,Sell
1619223085.9052,50484.5,1.032,Sell
1619223086.3484,50478.5,0.327,Sell
1619223088.1729,50476.0,0.026,Sell
1619223089.6356,50475.0,0.001,Sell
1619223089.6356,50475.0,0.018,Sell
1619223089.6779,50475.0,0.001,Sell
1619223089.6779,50475.0,0.002,Sell
1619223091.5642,50471.5,0.008,Buy
1619223091.5642,50471.5,0.092,Buy
1619223091.5716,50471.0,0.057,Sell
1619223092.3673,50471.5,0.01,Buy
1619223093.9769,50471.0,0.1,Sell
1619223094.7389,50471.5,0.031,Buy
1619223094.7389,50471.5,0.01,Buy
1619223095.0385,50471.5,0.029,Buy
1619223095.0385,50471.5,0.071,Buy
1619223095.1799,50471.5,0.017,Buy
1619223095.3366,50495.0,0.05,Buy
1619223095.3366,50492.5,0.05,Buy
1619223095.3366,50496.5,0.074,Buy
1619223095.3366,50478.5,0.4,Buy
1619223095.3366,50478.0,0.059,Buy
1619223095.3366,50476.0,0.001,Buy
1619223095.3366,50476.0,0.079,Buy
1619223095.3366,50482.5,0.05,Buy
1619223096.0981,50493.0,0.056,Buy
1619223096.3606,50493.0,0.002,Buy
1619223096.4473,50492.5,0.015,Sell
1619223096.7505,50493.0,0.625,Buy
1619223096.7505,50493.0,1.022,Buy
1619223096.7505,50493.0,0.554,Buy
1619223096.7505,50493.0,0.64,Buy
1619223096.7505,50493.0,0.64,Buy
1619223097.0547,50493.0,0.015,Buy
1619223097.9039,50493.0,0.005,Buy
1619223099.0951,50493.0,0.046,Buy
1619223099.222,50493.0,0.09,Buy
1619223099.8409,50493.0,0.005,Buy
1619223100.0232,50492.5,0.003,Sell
1619223100.1883,50492.5,0.037,Sell
1619223100.1883,50492.5,0.009,Sell
1619223100.1883,50492.5,0.084,Sell
1619223100.7934,50493.0,0.5,Buy
1619223101.4219,50493.0,0.002,Buy
1619223101.4528,50493.0,0.085,Buy
1619223101.6736,50500.0,0.443,Buy
1619223102.3809,50520.5,0.2,Sell
1619223102.4793,50521.0,0.004,Buy
1619223102.5703,50521.0,0.001,Buy
1619223102.5703,50521.0,0.129,Buy
1619223102.7281,50520.5,0.009,Sell
1619223103.1637,50521.0,0.054,Buy
1619223103.2224,50521.0,0.563,Buy
1619223104.2103,50520.5,0.001,Sell
1619223104.3712,50521.0,0.002,Buy
1619223105.4797,50521.0,0.756,Buy
1619223106.7311,50521.0,0.1,Buy
1619223107.2927,50520.5,0.001,Sell
1619223107.379,50521.0,0.002,Buy
1619223107.6765,50521.0,0.564,Buy
1619223107.7103,50521.0,0.11,Buy
1619223108.2297,50521.0,0.002,Buy
1619223108.5633,50521.0,0.01,Buy
1619223111.148,50531.0,0.001,Buy
1619223111.167,50540.0,0.009,Buy
1619223111.169,50540.5,0.04,Buy
1619223111.169,50540.0,0.036,Buy
1619223111.5189,50540.0,0.017,Buy
1619223111.8224,50540.0,0.004,Sell
1619223112.9968,50543.5,0.05,Buy
1619223113.0037,50543.5,0.02,Buy
1619223114.1868,50544.5,0.022,Buy
1619223114.8487,50544.5,0.371,Buy
1619223115.9013,50544.5,0.001,Buy
1619223115.9081,50544.5,0.02,Buy
1619223115.9863,50544.5,0.143,Buy
1619223116.1383,50548.5,0.05,Buy
1619223116.1773,50548.5,0.02,Buy
1619223116.3951,50568.5,0.003,Buy
1619223116.4104,50569.5,0.003,Buy
1619223116.4112,50569.5,0.008,Buy
1619223117.1585,50589.0,3.915,Buy
1619223117.1662,50589.0,0.087,Buy
1619223117.4186,50589.0,1.05,Buy
1619223118.285,50589.0,0.009,Buy
1619223118.4534,50589.0,0.002,Buy
1619223118.4545,50588.5,0.05,Sell
1619223118.6173,50588.5,0.002,Sell
1619223118.869,50589.0,0.163,Buy
1619223119.0766,50589.0,0.126,Buy
1619223119.0766,50590.0,0.5,Buy
1619223119.3409,50594.0,0.001,Buy
1619223120.4811,50594.0,0.049,Buy
1619223120.4811,50594.0,0.001,Buy
1619223120.4811,50594.0,0.45,Buy
1619223120.5609,50594.0,0.03,Buy
1619223121.0612,50594.0,0.002,Buy
1619223122.1443,50594.0,0.013,Buy
1619223122.7406,50594.0,0.057,Buy
1619223123.867,50594.0,0.134,Buy
1619223123.867,50594.0,0.066,Buy
1619223125.323,50594.0,0.159,Buy
1619223128.1577,50594.0,2.844,Buy
1619223128.1577,50594.0,0.001,Buy
1619223128.1577,50594.0,3.148,Buy
1619223128.1577,50594.0,2.007,Buy
1619223128.3891,50594.0,1.097,Buy
1619223130.2236,50600.0,0.002,Buy
1619223130.2236,50600.0,0.002,Buy
1619223130.2236,50600.0,0.01,Buy
1619223130.2409,50601.5,0.044,Buy
1619223130.2419,50601.5,0.048,Buy
1619223130.2419,50609.5,0.016,Buy
1619223130.56,50601.5,0.01,Sell
1619223131.206,50601.5,5.455,Sell
1619223131.206,50601.5,3.137,Sell
1619223131.206,50601.5,3.151,Sell
1619223131.206,50601.5,7.261,Sell
1619223131.206,50601.5,0.012,Sell
1619223131.3914,50601.5,0.617,Sell
1619223131.97,50601.5,0.006,Sell
1619223132.8598,50602.0,0.005,Buy
1619223133.5861,50601.5,0.016,Sell
1619223134.9379,50602.0,0.113,Buy
1619223135.7482,50602.0,3.148,Buy
1619223135.7964,50610.0,0.002,Buy
1619223135.8133,50621.5,0.001,Buy
1619223136.2644,50621.5,0.03,Buy
1619223136.7196,50621.5,0.101,Buy
1619223136.7196,50621.5,0.008,Buy
1619223137.7143,50621.5,0.13,Buy
1619223139.5039,50621.5,0.001,Buy
1619223139.5932,50621.5,0.155,Buy
1619223139.8295,50621.5,0.001,Buy
1619223139.9816,50621.5,0.002,Buy
1619223139.9961,50621.5,0.07,Buy
1619223140.1067,50621.5,0.404,Buy
1619223140.6664,50621.5,0.001,Buy
1619223141.6181,50621.0,0.043,Sell
1619223142.1534,50599.0,0.015,Buy
1619223143.7382,50599.0,0.086,Buy
1619223144.7087,50598.5,0.005,Sell
1619223145.8829,50599.0,0.084,Buy
1619223146.0482,50599.0,0.012,Buy
1619223147.2329,50599.0,0.015,Buy
1619223148.0041,50599.0,0.01,Buy
1619223148.6248,50598.5,0.134,Sell
1619223148.7812,50599.0,0.2,Buy
1619223149.1861,50598.5,0.015,Sell
1619223150.0242,50599.5,0.009,Sell
1619223151.4604,50600.0,0.151,Buy
1619223152.5631,50600.0,0.104,Buy
1619223152.5631,50602.0,0.084,Buy
1619223152.6091,50602.0,0.2,Buy
1619223155.2238,50615.5,0.787,Buy
1619223155.8765,50624.0,0.002,Buy
1619223156.1572,50639.5,0.001,Buy
1619223157.5098,50650.0,0.05,Buy
1619223157.5098,50642.5,0.2,Buy
1619223157.5098,50650.0,0.003,Buy
1619223157.5098,50650.0,0.054,Buy
1619223157.5171,50650.0,0.03,Buy
1619223157.9476,50649.5,0.027,Sell
1619223157.9668,50650.0,0.07,Buy
1619223158.2054,50650.0,0.146,Buy
1619223158.2054,50658.0,0.404,Buy
1619223158.2129,50658.0,0.197,Buy
1619223158.3703,50662.0,0.012,Buy
1619223158.3703,50662.0,0.154,Buy
1619223158.3703,50662.0,0.002,Buy
1619223159.9649,50662.0,0.05,Buy
1619223159.996,50662.0,0.019,Buy
1619223160.6865,50662.0,0.005,Buy
1619223162.597,50662.0,0.264,Buy
1619223162.904,50662.0,0.066,Buy
1619223164.6817,50661.5,0.059,Sell
1619223164.6817,50661.5,0.101,Sell
1619223164.6817,50661.5,0.004,Sell
1619223168.2469,50662.0,0.05,Buy
1619223170.5967,50662.0,0.032,Buy
1619223170.9097,50662.0,0.147,Buy
1619223172.1724,50662.0,1.771,Buy
1619223172.1724,50662.0,0.3,Buy
1619223172.2218,50670.5,0.011,Buy
1619223172.3179,50683.5,0.022,Sell
1619223172.481,50683.5,0.002,Sell
1619223173.487,50683.5,0.005,Sell
1619223173.6973,50684.0,0.04,Buy
1619223174.0591,50684.0,0.009,Buy
1619223174.0591,50686.0,0.001,Buy
1619223174.0591,50686.0,0.001,Buy
1619223175.2064,50708.5,0.481,Buy
1619223175.2064,50705.0,0.01,Buy
1619223175.2064,50700.0,0.002,Buy
1619223175.2064,50700.0,0.002,Buy
1619223175.2064,50700.0,0.01,Buy
1619223175.2064,50695.0,0.012,Buy
1619223175.4921,50711.0,0.002,Buy
1619223175.4921,50711.0,0.498,Buy
1619223175.6571,50721.5,0.114,Buy
1619223175.6571,50720.5,0.003,Buy
1619223175.7759,50724.0,0.002,Buy
1619223175.9225,50724.5,0.005,Sell
1619223175.9225,50724.5,0.002,Sell
1619223175.9225,50724.5,0.013,Sell
1619223176.3586,50730.0,0.013,Buy
1619223176.3586,50733.0,0.002,Buy
1619223176.7842,50735.0,0.05,Buy
1619223177.3345,50735.0,0.07,Buy
1619223178.6381,50742.0,0.001,Buy
1619223178.6381,50742.0,0.001,Buy
1619223178.6381,50744.5,0.001,Buy
1619223178.6382,50744.5,0.008,Buy
1619223178.644,50744.5,0.01,Buy
1619223178.9249,50747.0,2.599,Buy
1619223178.9249,50747.0,0.001,Buy
1619223178.9418,50747.0,0.125,Buy
1619223179.2898,50750.0,0.01,Buy
1619223179.2898,50750.0,0.003,Buy
1619223180.0767,50755.0,0.153,Buy
1619223180.1545,50755.0,0.01,Buy
1619223180.3283,50755.0,0.047,Buy
1619223180.4779,50755.0,0.001,Buy
1619223180.7199,50755.0,2.5,Buy
1619223180.7907,50759.0,0.095,Buy
1619223180.7907,50759.0,0.005,Buy
1619223180.7986,50759.0,0.443,Buy
1619223181.1681,50763.0,0.006,Buy
1619223181.7374,50765.0,0.026,Buy
1619223182.2317,50769.0,0.05,Sell
1619223182.2317,50769.0,0.05,Sell
1619223182.2717,50769.5,0.001,Buy
1619223182.7457,50769.5,0.02,Buy
1619223182.7751,50770.0,0.001,Buy
1619223182.7751,50769.5,0.004,Buy
1619223185.8614,50771.5,0.05,Buy
1619223185.8614,50771.5,0.05,Buy
1619223186.4058,50771.0,1.111,Sell
1619223186.4615,50771.5,1.95,Buy
1619223186.4615,50771.5,0.001,Buy
1619223186.58,50774.5,0.126,Buy
1619223186.8503,50775.5,0.034,Buy
1619223186.9164,50780.5,0.002,Buy
1619223187.0625,50786.0,0.05,Buy
1619223187.8429,50798.0,0.3,Buy
1619223187.9189,50800.0,0.05,Buy
1619223187.9189,50800.0,0.002,Buy
1619223187.9189,50800.0,0.002,Buy
1619223187.9189,50800.0,0.005,Buy
1619223187.9189,50800.0,0.005,Buy
1619223187.9189,50800.0,0.01,Buy
1619223187.9189,50800.0,0.01,Buy
1619223187.9293,50812.5,0.866,Buy
1619223187.9293,50812.0,0.002,Buy
1619223187.9293,50806.0,0.001,Buy
1619223188.7421,50816.0,0.004,Buy
1619223189.4362,50825.0,0.002,Buy
1619223190.1756,50830.0,0.001,Buy
1619223190.1756,50829.5,0.002,Buy
1619223190.1828,50832.5,0.008,Sell
1619223190.1828,50832.5,0.492,Sell
1619223190.6897,50841.0,0.005,Sell
1619223190.6901,50842.5,0.022,Buy
1619223190.7439,50845.0,0.64,Sell
1619223190.7439,50845.0,0.22,Sell
1619223190.7439,50845.0,0.64,Sell
1619223191.6481,50845.0,0.2,Sell
1619223191.897,50845.5,0.22,Buy
1619223191.897,50847.0,0.172,Buy
1619223192.1696,50846.5,0.02,Sell
1619223192.6505,50846.5,0.04,Sell
1619223192.7094,50847.0,0.2,Buy
1619223192.7094,50847.0,0.382,Buy
1619223192.9512,50847.0,0.054,Buy
1619223193.9822,50847.0,0.597,Buy
1619223193.9822,50847.0,0.204,Buy
1619223195.0852,50846.5,0.018,Sell
1619223195.0852,50846.5,0.07,Sell
1619223195.6841,50846.5,0.085,Sell
1619223196.1597,50824.5,2.648,Sell
1619223196.2185,50825.0,0.035,Buy
1619223196.527,50825.0,0.115,Buy
1619223196.9782,50824.5,0.2,Sell
1619223197.0947,50824.5,0.1,Sell
1619223197.0947,50824.5,0.1,Sell
1619223197.2711,50825.0,0.1,Buy
1619223197.3874,50824.5,0.056,Sell
1619223197.5163,50825.0,0.252,Buy
1619223197.8098,50824.5,0.001,Sell
1619223198.2423,50824.5,1.13,Sell
1619223198.8308,50800.0,0.188,Sell
1619223200.5029,50800.0,0.032,Sell
1619223200.7314,50800.5,0.07,Buy
1619223200.7314,50800.5,0.07,Buy
1619223200.7314,50800.5,0.012,Buy
1619223200.7314,50800.5,0.01,Buy
1619223201.4655,50813.0,0.515,Sell
1619223201.4673,50813.0,0.699,Sell
1619223201.6042,50813.5,0.05,Buy
1619223201.6042,50813.5,0.05,Buy
1619223201.6754,50813.0,0.018,Sell
1619223201.9472,50813.0,0.176,Sell
1619223202.3125,50813.5,0.01,Buy
1619223202.3125,50813.5,0.769,Buy
1619223202.4903,50813.0,0.392,Sell
1619223203.2604,50813.0,0.05,Sell
1619223203.2604,50813.0,0.002,Sell
1619223203.2604,50813.0,0.248,Sell
1619223203.437,50813.0,0.015,Sell
1619223203.437,50813.0,0.07,Sell
1619223203.437,50813.0,1.027,Sell
1619223204.2962,50800.5,0.01,Buy
1619223205.1049,50800.0,0.004,Sell
1619223205.4041,50800.0,0.157,Sell
1619223205.4378,50778.0,0.05,Sell
1619223205.4378,50778.0,0.705,Sell
1619223206.5401,50770.0,0.023,Sell
1619223206.7815,50752.0,0.004,Sell
1619223206.9363,50752.0,0.125,Sell
1619223207.6387,50741.5,0.001,Sell
1619223207.6387,50740.0,0.005,Sell
1619223207.6398,50740.0,0.001,Sell
1619223207.6475,50739.0,1.0,Sell
1619223207.9196,50728.5,0.003,Sell
1619223207.9626,50728.5,0.032,Sell
1619223208.1103,50729.0,0.175,Buy
1619223209.3188,50727.0,0.017,Buy
1619223209.3204,50726.5,0.01,Sell
1619223209.3204,50738.5,0.005,Sell
1619223210.2556,50746.0,0.004,Sell
1619223211.7778,50746.0,0.032,Sell
1619223212.2212,50746.5,0.2,Buy
1619223212.8775,50739.0,0.017,Sell
1619223214.1519,50724.5,0.268,Sell
1619223214.1519,50724.5,0.064,Sell
1619223214.6389,50724.5,1.232,Sell
1619223215.008,50724.5,0.103,Sell
1619223215.3102,50724.5,0.05,Sell
1619223215.3767,50724.5,0.003,Sell
1619223216.481,50724.5,0.057,Sell
1619223217.065,50724.5,0.008,Sell
1619223218.2376,50724.5,0.003,Sell
1619223219.0959,50734.5,0.049,Sell
1619223221.6293,50730.5,0.018,Buy
1619223222.701,50724.0,0.002,Sell
1619223223.0553,50711.0,0.002,Sell
1619223223.0647,50701.5,0.05,Sell
1619223223.0647,50701.5,0.065,Sell
1619223223.1815,50701.5,0.018,Sell
1619223223.2105,50701.5,0.017,Sell
1619223223.6899,50701.5,0.113,Sell
1619223224.0998,50701.5,0.002,Sell
1619223224.4103,50701.5,0.229,Sell
1619223224.4201,50701.5,0.085,Sell
1619223224.7593,50701.5,0.082,Sell
1619223225.0758,50701.5,0.008,Sell
1619223225.6689,50701.5,0.304,Sell
1619223227.3908,50701.5,0.061,Sell
1619223227.3908,50701.5,0.085,Sell
1619223227.5384,50700.0,0.01,Sell
1619223227.5384,50700.0,0.002,Sell
1619223227.5384,50700.0,0.002,Sell
1619223228.1702,50690.5,0.036,Sell
1619223228.1702,50690.5,0.05,Sell
1619223229.8379,50680.5,0.012,Sell
1619223230.379,50680.0,0.006,Sell
1619223230.6649,50680.0,0.044,Sell
1619223232.4387,50662.0,0.3,Sell
1619223232.4387,50661.5,0.105,Sell
1619223232.4387,50661.5,0.003,Sell
1619223232.4387,50650.0,0.004,Sell
1619223232.4387,50650.0,0.003,Sell
1619223232.4387,50641.0,0.085,Sell
1619223232.4482,50641.0,0.895,Sell
1619223232.4482,50641.0,3.02,Sell
1619223232.4616,50642.5,1.107,Buy
1619223233.0196,50641.0,0.07,Sell
1619223233.0196,50632.5,0.1,Sell
1619223233.0196,50631.5,0.03,Sell
1619223233.1484,50632.0,0.005,Sell
1619223234.6593,50632.0,0.2,Sell
1619223234.6593,50632.0,0.05,Sell
1619223235.0561,50632.5,0.01,Buy
1619223235.0921,50632.0,0.143,Sell
1619223235.1084,50632.0,0.005,Sell
1619223236.0419,50632.5,0.291,Buy
1619223237.577,50632.0,0.316,Sell
1619223237.9764,50632.0,0.004,Sell
1619223238.4152,50632.5,0.003,Buy
1619223238.4152,50632.5,0.003,Buy
1619223238.4152,50640.0,0.01,Buy
1619223241.3535,50649.5,0.003,Sell
1619223241.8779,50672.0,0.288,Sell
1619223241.9905,50672.5,0.05,Buy
1619223242.5937,50672.5,0.114,Buy
1619223242.5937,50672.5,0.017,Buy
1619223242.6247,50672.5,0.02,Buy
1619223242.6762,50675.0,0.056,Buy
1619223243.4512,50682.5,0.017,Buy
1619223243.4512,50682.5,0.015,Buy
1619223244.0964,50682.0,0.002,Sell
1619223245.8181,50682.5,0.005,Buy
1619223246.7364,50683.0,0.05,Buy
1619223246.7452,50683.0,0.087,Buy
1619223246.9702,50683.0,0.08,Buy
1619223247.2497,50683.0,0.032,Buy
1619223247.5552,50683.0,0.001,Buy
1619223247.5552,50683.0,0.049,Buy
1619223248.298,50683.0,0.375,Buy
1619223249.7441,50686.0,0.001,Sell
1619223249.9207,50686.5,0.05,Buy
1619223251.8828,50700.0,0.1,Buy
1619223252.1699,50700.0,0.018,Buy
1619223252.1699,50700.0,0.01,Buy
1619223252.1699,50700.0,0.01,Buy
1619223252.1699,50700.0,0.006,Buy
1619223252.1699,50700.0,0.223,Buy
1619223252.6946,50700.0,1.06,Buy
1619223253.749,50699.5,0.001,Sell
1619223254.4229,50700.0,0.001,Buy
1619223254.4229,50700.0,0.001,Buy
1619223254.7618,50715.5,0.093,Buy
1619223255.1183,50715.0,0.007,Sell
1619223256.2497,50715.0,0.001,Sell
1619223256.9524,50715.5,0.316,Buy
1619223258.9628,50725.5,0.001,Sell
1619223259.3939,50726.0,0.001,Buy
1619223259.7757,50736.0,0.107,Buy
1619223261.8391,50713.5,0.033,Buy
1619223264.1886,50701.0,0.001,Buy
1619223267.6859,50700.0,0.05,Buy
1619223267.7266,50700.0,0.5,Buy
1619223267.8598,50699.5,0.001,Sell
1619223267.8598,50699.5,0.001,Sell
1619223267.8598,50699.5,0.005,Sell
1619223267.8647,50699.5,0.002,Sell
1619223267.8761,50699.5,0.007,Sell
1619223267.8761,50699.5,0.002,Sell
1619223268.4941,50700.0,0.009,Buy
1619223269.4515,50693.5,0.301,Sell
1619223269.4515,50693.0,0.2,Sell
1619223269.4515,50693.0,0.017,Sell
1619223269.4515,50692.5,2.431,Sell
1619223269.4515,50693.5,0.093,Sell
1619223270.0243,50682.5,0.013,Buy
1619223270.2515,50682.0,0.068,Sell
1619223270.2515,50682.0,0.132,Sell
1619223271.2024,50683.5,0.2,Sell
1619223273.0533,50693.0,0.02,Buy
1619223273.939,50692.5,0.039,Sell
1619223273.939,50692.5,0.05,Sell
1619223273.939,50692.5,0.198,Sell
1619223274.4973,50699.5,0.128,Sell
1619223274.8581,50699.5,0.28,Sell
1619223275.0189,50700.0,0.023,Buy
1619223275.3966,50700.0,0.017,Buy
1619223275.3966,50700.0,0.07,Buy
1619223275.3966,50701.0,0.055,Buy
1619223275.4813,50720.0,0.019,Buy
1619223276.5466,50728.0,0.005,Sell
1619223276.5466,50728.0,0.014,Sell
1619223277.0252,50728.0,0.023,Sell
1619223279.232,50728.5,0.058,Buy
1619223280.7252,50728.5,0.011,Buy
1619223281.1321,50728.0,0.068,Sell
1619223281.1321,50728.0,0.032,Sell
1619223282.9806,50716.0,0.024,Buy
1619223284.1791,50700.0,0.004,Sell
1619223284.1791,50697.0,0.007,Sell
1619223286.6494,50718.0,0.875,Sell
1619223289.2511,50727.5,0.005,Sell
1619223289.3743,50727.5,0.032,Sell
1619223291.2338,50728.0,0.339,Buy
1619223294.8504,50727.5,0.091,Sell
1619223297.2994,50731.5,0.005,Buy
1619223297.2994,50731.5,0.1,Buy
1619223297.2994,50730.0,0.004,Buy
1619223297.2994,50728.0,0.025,Buy
1619223297.2994,50728.0,0.003,Buy
1619223298.5329,50740.0,1.313,Sell
1619223299.4126,50740.5,0.15,Buy
1619223300.6661,50740.0,0.118,Sell
1619223301.932,50740.0,0.01,Sell
1619223302.4869,50740.0,0.036,Sell
1619223306.1606,50740.5,0.05,Buy
1619223306.1606,50740.5,0.017,Buy
1619223306.1606,50740.5,0.033,Buy
1619223307.3155,50738.5,0.167,Buy
1619223307.9968,50738.0,0.024,Sell
1619223307.9968,50727.5,0.004,Sell
1619223307.9968,50719.5,0.034,Sell
1619223308.8749,50719.5,0.157,Sell
1619223308.8993,50719.5,0.55,Sell
1619223308.9248,50720.0,0.118,Buy
1619223309.6358,50720.0,0.04,Buy
1619223310.2777,50716.0,0.05,Sell
1619223310.2777,50715.0,0.001,Sell
1619223310.2777,50704.5,0.005,Sell
1619223310.8503,50704.5,0.02,Sell
1619223311.0961,50704.5,0.025,Sell
1619223311.0961,50704.5,0.388,Sell
1619223311.0961,50700.0,0.15,Sell
1619223311.0961,50692.5,0.001,Sell
1619223311.0961,50680.5,0.436,Sell
1619223311.2005,50678.0,0.01,Buy
1619223311.4339,50677.5,0.032,Sell
1619223312.1796,50677.5,0.003,Sell
1619223312.4421,50678.0,0.013,Buy
1619223313.6248,50677.5,0.222,Sell
1619223314.9048,50677.5,0.001,Sell
1619223317.1693,50701.5,0.3,Sell
1619223320.3872,50701.5,0.001,Sell
1619223321.926,50701.5,0.069,Sell
1619223321.926,50701.5,0.307,Sell
1619223323.5268,50701.5,0.001,Sell
1619223325.399,50701.5,0.02,Sell
1619223325.4711,50701.5,0.07,Sell
1619223325.4979,50701.5,0.017,Sell
1619223326.0872,50686.5,0.001,Sell
1619223328.2769,50687.0,0.1,Buy
1619223334.2551,50687.0,0.005,Buy
1619223336.45,50686.5,0.438,Sell
1619223336.45,50686.5,0.017,Sell
1619223336.45,50686.5,0.011,Sell
1619223337.8471,50686.5,0.011,Sell
1619223340.2476,50687.0,0.001,Buy
1619223342.1184,50686.5,0.322,Sell
1619223342.2179,50687.0,0.069,Buy
1619223342.2179,50687.0,0.003,Buy
1619223342.2179,50687.0,0.001,Buy
1619223342.2179,50700.0,0.005,Buy
1619223342.2179,50700.0,0.004,Buy
1619223342.2179,50700.5,0.05,Buy
1619223342.2179,50701.0,0.05,Buy
1619223342.2179,50702.0,0.009,Buy
1619223345.8736,50702.0,0.032,Buy
1619223345.8845,50702.0,0.003,Buy
1619223345.8845,50702.0,0.453,Buy
1619223346.8121,50730.0,0.085,Buy
1619223346.8121,50730.0,0.915,Buy
1619223347.4566,50730.0,0.113,Buy
1619223348.3657,50729.5,0.609,Sell
1619223348.8665,50729.5,0.005,Sell
1619223349.4629,50730.0,0.052,Buy
1619223349.4629,50730.0,0.028,Buy
1619223350.1542,50730.0,0.032,Buy
1619223350.9212,50743.0,0.007,Buy
1619223350.9212,50743.0,0.031,Buy
1619223352.3863,50747.5,0.001,Buy
1619223352.3863,50747.5,0.106,Buy
1619223353.0623,50747.5,0.032,Buy
1619223354.1175,50731.5,0.016,Buy
1619223354.4796,50729.0,0.222,Buy
1619223358.7972,50729.0,0.042,Buy
1619223358.7972,50729.0,0.012,Buy
1619223359.1956,50729.0,0.028,Buy
1619223359.1956,50729.0,0.017,Buy
1619223359.1956,50729.0,0.067,Buy
1619223359.1956,50729.0,0.681,Buy
1619223359.5106,50728.5,0.046,Sell
1619223359.5106,50728.5,0.031,Sell
1619223359.5106,50728.5,0.017,Sell
1619223359.5106,50728.5,0.218,Sell
1619223368.8515,50729.0,0.005,Buy
1619223369.6848,50728.5,0.045,Sell
1619223369.7125,50729.0,0.001,Buy
1619223370.1402,50728.5,0.008,Sell
1619223370.1402,50728.5,0.012,Sell
1619223371.4244,50728.5,0.005,Sell
1619223373.5259,50728.5,0.302,Sell
1619223374.5175,50701.0,0.076,Buy
1619223374.9337,50700.5,0.131,Sell
1619223375.0477,50701.0,0.001,Buy
1619223375.5801,50701.0,0.002,Buy
1619223378.3777,50700.0,0.001,Sell
1619223378.3777,50692.5,0.001,Sell
1619223379.0562,50681.0,0.248,Buy
1619223379.1045,50680.5,0.004,Sell
1619223379.7047,50678.5,0.001,Sell
1619223379.7047,50678.5,0.001,Sell
1619223381.039,50664.0,0.091,Sell
1619223381.8704,50664.0,0.032,Sell
1619223383.8735,50659.5,0.042,Buy
1619223383.8902,50659.0,0.128,Sell
1619223384.9975,50659.5,0.042,Buy
1619223385.8537,50659.0,0.006,Sell
1619223388.3068,50659.5,0.008,Buy
1619223389.2918,50659.0,0.05,Sell
1619223390.3684,50659.0,0.875,Sell
1619223396.9271,50659.5,0.003,Sell
1619223396.9963,50660.0,0.15,Buy
1619223397.0654,50659.5,0.834,Sell
1619223397.0654,50659.5,0.44,Sell
1619223397.8496,50659.5,0.1,Sell
1619223398.2959,50659.5,0.005,Buy
1619223399.6978,50659.0,3.941,Sell
1619223400.5088,50657.5,0.5,Sell
1619223400.5567,50651.5,0.014,Sell
1619223400.5995,50650.5,0.005,Buy
1619223400.5995,50650.5,0.011,Buy
1619223401.8858,50650.0,0.1,Sell
1619223401.8858,50650.0,0.05,Sell
1619223401.8858,50650.0,0.785,Sell
1619223401.8858,50634.0,0.045,Sell
1619223401.8858,50629.0,0.02,Sell
1619223404.4463,50629.0,0.017,Sell
1619223404.4463,50629.0,0.092,Sell
1619223404.7498,50629.0,0.301,Sell
1619223405.1631,50629.5,0.001,Buy
1619223406.2545,50629.0,0.096,Sell
1619223406.5849,50629.5,0.025,Buy
1619223410.8236,50637.5,0.228,Sell
1619223410.9688,50637.5,0.015,Sell
1619223412.9582,50624.0,0.002,Sell
1619223413.0686,50610.0,0.002,Sell
1619223413.0686,50608.0,1.83,Sell
1619223413.2575,50600.0,0.001,Sell
1619223413.2675,50600.0,0.779,Sell
1619223415.3326,50607.5,0.038,Sell
1619223416.2411,50607.5,0.1,Sell
1619223418.556,50608.0,0.017,Buy
1619223418.7761,50623.0,0.012,Sell
1619223420.0356,50614.5,1.0,Buy
1619223422.5063,50611.0,2.6,Sell
1619223423.1025,50608.0,0.001,Buy
1619223423.7572,50607.5,0.017,Sell
1619223424.713,50590.0,5.995,Sell
1619223424.713,50590.5,7.749,Sell
1619223424.713,50600.0,0.001,Sell
1619223424.713,50600.0,0.05,Sell
1619223424.713,50589.5,1.081,Sell
1619223424.713,50600.0,0.002,Sell
1619223424.713,50600.0,0.002,Sell
1619223424.713,50600.0,0.11,Sell
1619223424.713,50600.0,0.01,Sell
1619223424.7243,50589.5,0.015,Sell
1619223425.6918,50581.5,0.006,Sell
1619223425.857,50582.0,0.036,Buy
1619223426.6268,50581.5,0.011,Sell
1619223429.1155,50580.0,0.094,Sell
1619223429.1155,50580.0,0.05,Sell
1619223429.1315,50580.0,0.1,Sell
1619223430.2633,50580.0,0.058,Sell
1619223430.2633,50580.0,0.012,Sell
1619223431.1465,50580.0,0.001,Sell
1619223433.596,50587.0,0.001,Buy
1619223433.596,50587.0,0.001,Buy
1619223433.6771,50588.0,0.017,Buy
1619223434.7806,50597.5,0.1,Sell
1619223435.8046,50598.0,0.032,Buy
1619223436.2458,50598.0,0.358,Buy
1619223438.5568,50597.5,0.48,Sell
1619223438.5568,50597.5,0.066,Sell
1619223438.5568,50597.5,0.017,Sell
1619223438.5568,50597.5,0.017,Sell
1619223438.5568,50597.5,0.029,Sell
1619223439.1375,50597.5,0.071,Sell
1619223439.1375,50597.5,0.042,Sell
1619223439.5799,50597.5,0.015,Sell
1619223439.8824,50598.0,0.042,Buy
1619223443.2844,50593.0,0.163,Sell
1619223443.2844,50593.0,0.1,Sell
1619223443.2844,50593.0,1.0,Sell
1619223443.2844,50593.0,0.315,Sell
1619223443.6188,50593.5,0.358,Buy
1619223444.4972,50586.5,0.001,Sell
1619223444.4972,50586.5,0.001,Sell
1619223448.4844,50582.5,0.05,Sell
1619223448.4844,50582.5,0.02,Sell
1619223448.4844,50582.5,0.03,Sell
1619223449.63,50583.0,0.2,Buy
1619223450.4503,50583.0,0.015,Buy
1619223459.2524,50570.0,0.001,Sell
1619223459.2524,50576.0,0.002,Sell
1619223459.2524,50578.0,0.001,Sell
1619223459.2524,50580.0,0.05,Sell
1619223459.2524,50582.5,0.028,Sell
1619223459.2524,50582.0,0.001,Sell
1619223459.8555,50555.0,0.917,Sell
1619223460.1205,50555.5,0.056,Buy
1619223462.2183,50552.5,0.013,Sell
1619223463.1143,50550.5,0.001,Buy
1619223463.9108,50550.5,0.004,Buy
1619223463.9108,50550.5,0.014,Buy
1619223465.7863,50550.0,0.026,Sell
1619223465.7863,50550.0,0.716,Sell
1619223466.4051,50550.0,0.284,Sell
1619223466.463,50550.5,0.071,Buy
1619223468.6447,50550.0,0.1,Sell
1619223473.8278,50550.0,0.024,Sell
1619223474.8012,50550.0,0.097,Sell
1619223474.8012,50550.0,0.2,Sell
1619223474.8012,50550.0,0.003,Sell
1619223474.8012,50550.0,0.2,Sell
1619223478.8082,50550.5,0.5,Buy
1619223479.5527,50550.5,0.003,Buy
1619223479.9766,50550.0,0.012,Sell
1619223480.3984,50550.0,0.008,Sell
1619223480.9987,50550.0,0.5,Sell
1619223483.0778,50550.5,0.042,Buy
1619223483.1012,50550.5,0.329,Buy
1619223483.1012,50551.0,0.001,Buy
1619223483.1012,50551.0,0.001,Buy
1619223483.6596,50575.5,0.005,Buy
1619223483.8168,50583.0,0.004,Buy
1619223483.8191,50583.0,0.009,Buy
1619223484.4654,50583.0,0.05,Buy
1619223484.4767,50583.0,0.003,Buy
1619223485.4502,50583.0,0.199,Buy
1619223486.438,50583.0,0.2,Buy
1619223487.3871,50583.0,0.2,Buy
1619223488.2327,50600.0,0.004,Buy
1619223488.2408,50600.0,0.006,Buy
1619223488.2408,50600.0,0.01,Buy
1619223488.2408,50600.0,0.005,Buy
1619223488.2408,50600.0,0.017,Buy
1619223488.2408,50606.0,0.001,Buy
1619223488.2408,50608.0,0.004,Buy
1619223488.2408,50608.5,0.008,Buy
1619223488.2408,50611.5,0.005,Buy
1619223488.2529,50611.5,0.009,Buy
1619223489.2032,50611.5,0.05,Buy
1619223489.7707,50611.5,1.792,Buy
1619223490.6326,50589.5,0.042,Sell
1619223491.1951,50590.0,0.174,Buy
1619223491.4744,50589.0,0.005,Sell
1619223491.8148,50583.5,0.001,Sell
1619223492.3898,50575.5,0.01,Sell
1619223492.9106,50574.0,0.024,Buy
1619223493.3911,50573.5,0.022,Sell
1619223494.1958,50555.0,0.001,Sell
1619223495.7083,50550.5,0.017,Sell
1619223495.7083,50550.5,0.083,Sell
1619223498.8222,50555.5,0.609,Sell
1619223498.9284,50555.5,0.1,Sell
1619223499.8134,50555.5,0.01,Sell
1619223500.685,50555.5,0.094,Sell
1619223504.3475,50555.5,0.005,Sell
1619223506.1297,50556.0,0.025,Buy
1619223506.2386,50554.5,0.001,Sell
1619223506.2386,50550.0,0.001,Sell
1619223507.2749,50549.0,0.035,Sell
1619223507.3001,50549.0,0.015,Sell
1619223507.3001,50548.0,0.001,Sell
1619223507.3062,50547.0,0.02,Sell
1619223508.2819,50525.5,0.418,Sell
1619223508.2819,50526.0,0.065,Sell
1619223508.2819,50531.0,0.05,Sell
1619223508.2819,50532.0,0.003,Sell
1619223508.2819,50538.0,0.001,Sell
1619223508.2819,50540.0,0.001,Sell
1619223508.2819,50542.0,0.184,Sell
1619223508.2819,50547.0,0.029,Sell
1619223508.2819,50532.5,0.049,Sell
1619223510.1462,50525.5,0.1,Sell
1619223510.1462,50525.5,0.1,Sell
1619223510.1462,50525.5,1.772,Sell
1619223511.3024,50525.5,0.009,Sell
1619223511.7698,50525.5,0.063,Sell
1619223512.0052,50525.5,0.049,Sell
1619223512.0277,50526.0,1.08,Buy
1619223512.0277,50526.5,2.108,Buy
1619223512.0277,50526.0,0.1,Buy
1619223512.0277,50526.0,0.001,Buy
1619223512.0277,50526.0,0.3,Buy
1619223512.0277,50526.0,9.0,Buy
1619223512.0277,50526.0,0.1,Buy
1619223512.1504,50530.5,0.015,Sell
1619223512.2806,50531.0,0.007,Buy
1619223517.5326,50530.5,0.688,Sell
1619223521.6388,50530.5,0.003,Sell
1619223522.2133,50530.5,0.01,Sell
1619223523.0558,50531.0,0.2,Buy
1619223530.5798,50531.0,0.139,Buy
1619223531.8569,50531.0,1.497,Buy
1619223531.8569,50531.0,5.065,Buy
1619223531.8569,50531.0,0.05,Buy
1619223531.8569,50531.0,2.338,Buy
1619223531.8569,50531.0,3.576,Buy
1619223531.8569,50531.0,5.424,Buy
1619223531.8569,50531.0,0.05,Buy
1619223533.1563,50531.0,0.02,Buy
1619223533.1563,50531.0,0.007,Buy
1619223534.1572,50531.0,0.01,Buy
1619223534.1572,50531.0,0.027,Buy
1619223534.4086,50531.0,0.1,Buy
1619223534.6868,50530.5,0.004,Sell
1619223536.4272,50530.5,0.033,Sell
1619223537.2916,50531.0,0.008,Buy
1619223538.2818,50530.5,0.123,Sell
1619223539.1195,50530.5,1.269,Sell
1619223539.1195,50530.5,5.411,Sell
1619223539.1195,50530.5,0.14,Sell
1619223539.1195,50530.5,1.08,Sell
1619223539.1195,50530.5,0.1,Sell
1619223539.189,50530.5,0.005,Sell
1619223540.563,50531.0,0.003,Buy
1619223545.7808,50541.0,0.861,Sell
1619223545.9736,50541.5,0.054,Buy
1619223548.4408,50541.5,0.546,Buy
1619223548.4408,50542.5,0.728,Buy
1619223549.4276,50567.5,0.45,Buy
1619223549.6629,50571.5,0.001,Buy
1619223549.6629,50578.0,0.008,Buy
1619223549.6863,50582.5,0.001,Buy
1619223549.7948,50583.0,0.014,Sell
1619223552.8496,50579.5,0.002,Buy
1619223558.5432,50554.0,0.001,Buy
1619223565.3112,50551.5,0.118,Buy
1619223565.9078,50551.0,0.01,Sell
1619223565.9681,50551.5,0.067,Buy
1619223568.0927,50551.0,2.49,Sell
1619223568.1562,50550.0,0.001,Sell
1619223568.5876,50540.5,0.861,Sell
1619223568.5876,50530.5,0.001,Sell
1619223568.5876,50530.0,0.001,Sell
1619223568.5876,50530.0,0.012,Sell
1619223568.5876,50525.0,0.001,Sell
1619223568.5876,50523.0,0.002,Sell
1619223568.5876,50523.0,0.001,Sell
1619223568.5876,50520.5,0.121,Sell
1619223569.2206,50517.5,0.05,Sell
1619223569.2206,50517.5,0.45,Sell
1619223571.309,50518.0,0.011,Buy
1619223573.7264,50517.5,0.004,Sell
1619223573.7359,50518.0,0.15,Buy
1619223574.5639,50517.5,0.49,Sell
1619223576.1337,50518.0,0.001,Buy
1619223576.4279,50517.5,0.65,Sell
1619223577.0758,50517.5,0.001,Sell
1619223577.0758,50515.0,0.001,Sell
1619223577.0758,50514.0,0.006,Sell
1619223577.0774,50514.0,0.003,Sell
1619223579.7362,50510.0,0.002,Sell
1619223579.7362,50508.0,0.005,Sell
1619223579.7363,50508.0,0.002,Sell
1619223580.0876,50506.5,0.019,Sell
1619223580.1081,50506.5,0.057,Sell
1619223580.9368,50506.5,0.65,Sell
1619223582.0953,50506.5,0.1,Sell
1619223582.4074,50507.0,0.284,Buy
1619223583.223,50507.0,0.2,Buy
1619223583.348,50506.5,0.011,Sell
1619223583.6485,50505.5,0.03,Sell
1619223583.6485,50504.0,0.001,Sell
1619223583.6485,50504.0,0.069,Sell
1619223585.0479,50504.5,0.012,Buy
1619223585.0479,50504.5,0.012,Buy
1619223585.0479,50504.5,0.118,Buy
1619223586.0556,50504.0,0.05,Sell
1619223587.8799,50504.0,0.15,Sell
1619223589.485,50504.0,0.023,Sell
1619223589.5805,50500.0,0.001,Sell
1619223589.5805,50500.0,0.001,Sell
1619223589.5805,50500.0,0.005,Sell
1619223589.5805,50500.0,0.049,Sell
1619223589.5805,50500.0,0.05,Sell
1619223589.5805,50500.0,0.004,Sell
1619223589.5805,50500.0,0.36,Sell
1619223589.5805,50500.0,0.002,Sell
1619223589.5805,50500.0,0.01,Sell
1619223589.5805,50500.0,0.1,Sell
1619223589.5805,50500.5,0.005,Sell
1619223589.5805,50500.0,0.002,Sell
1619223589.5805,50500.5,0.03,Sell
1619223589.5805,50501.0,0.002,Sell
1619223589.5805,50502.0,0.1,Sell
1619223589.5805,50504.0,0.071,Sell
1619223589.5805,50504.0,0.208,Sell
1619223589.8784,50500.5,0.036,Buy
1619223590.521,50500.0,0.599,Sell
1619223590.521,50500.0,0.199,Sell
1619223592.0216,50502.5,0.018,Buy
1619223592.2769,50502.0,0.191,Sell
1619223593.1102,50502.0,0.132,Sell
1619223593.8154,50502.0,0.977,Sell
1619223593.8364,50502.5,0.009,Buy
1619223594.0094,50502.0,0.02,Sell
1619223594.3614,50502.5,0.609,Buy
1619223594.8281,50502.5,0.013,Buy
1619223595.4445,50502.5,0.004,Buy
1619223596.9974,50502.5,0.002,Buy
1619223597.6966,50500.0,0.501,Sell
1619223597.6966,50502.0,0.2,Sell
1619223597.6966,50502.0,0.2,Sell
1619223598.5487,50500.5,0.001,Buy
1619223599.9159,50500.0,0.272,Sell
1619223601.8864,50500.0,0.008,Sell
1619223602.9325,50500.5,0.1,Buy
1619223604.4924,50500.5,0.001,Buy
1619223605.2424,50500.0,0.1,Sell
1619223606.0843,50500.0,0.147,Sell
1619223606.8708,50500.5,0.003,Buy
1619223607.1239,50500.5,0.008,Buy
1619223607.7806,50500.0,0.563,Sell
1619223609.6434,50500.5,0.2,Buy
1619223609.6434,50500.5,0.262,Buy
1619223609.6434,50500.5,0.038,Buy
1619223609.967,50500.0,0.004,Sell
1619223611.637,50500.0,0.012,Sell
1619223613.7549,50500.5,0.05,Buy
1619223615.6488,50500.0,0.028,Sell
1619223616.0839,50500.5,0.172,Buy
1619223625.4468,50500.5,0.006,Buy
1619223626.8436,50500.0,0.197,Sell
1619223627.7956,50500.5,0.009,Buy
1619223628.5958,50500.5,0.001,Buy
1619223628.5958,50500.5,0.001,Buy
1619223629.3114,50502.5,0.017,Buy
1619223629.3114,50502.5,2.703,Buy
1619223629.3114,50502.5,0.017,Buy
1619223630.1355,50504.0,0.017,Buy
1619223630.6839,50504.5,0.3,Buy
1619223630.6839,50504.5,0.253,Buy
1619223630.6839,50520.0,0.009,Buy
1619223630.6839,50527.5,0.05,Buy
1619223630.6839,50528.0,0.05,Buy
1619223630.6839,50529.0,0.067,Buy
1619223630.6839,50534.5,0.373,Buy
1619223630.8124,50534.5,0.25,Buy
1619223630.8124,50534.5,0.3,Buy
1619223630.9115,50534.5,0.001,Buy
1619223631.4897,50534.5,0.26,Buy
1619223632.3621,50534.5,0.146,Buy
1619223632.8468,50534.5,0.303,Buy
1619223633.0169,50537.5,0.005,Buy
1619223633.0169,50539.5,0.005,Buy
1619223633.0169,50539.5,0.005,Buy
1619223633.996,50538.5,0.002,Sell
1619223637.8227,50525.5,0.053,Sell
1619223637.8574,50526.0,0.017,Buy
1619223638.051,50540.0,0.001,Buy
1619223638.6836,50539.5,0.095,Sell
1619223641.3214,50540.0,0.002,Buy
1619223641.3214,50540.0,0.006,Buy
1619223644.7354,50535.5,5.197,Buy
1619223644.7354,50535.5,0.05,Buy
1619223644.7354,50535.5,1.08,Buy
1619223644.7354,50535.5,0.6,Buy
1619223644.7354,50535.5,0.05,Buy
1619223644.7354,50535.5,0.28,Buy
1619223644.7354,50535.5,0.389,Buy
1619223644.7354,50535.5,1.304,Buy
1619223644.7354,50535.5,9.0,Buy
1619223644.7354,50535.5,0.05,Buy
1619223647.4499,50535.5,0.323,Buy
1619223647.8221,50535.0,0.047,Sell
1619223647.8221,50535.0,0.474,Sell
1619223652.3305,50535.0,0.05,Sell
1619223652.3305,50534.5,0.171,Sell
1619223652.3337,50534.5,0.112,Sell
1619223652.7463,50525.0,0.001,Sell
1619223652.7463,50527.5,0.05,Sell
1619223652.7463,50525.0,0.001,Sell
1619223652.7463,50530.5,0.05,Sell
1619223653.4149,50520.0,0.001,Sell
1619223653.954,50518.0,0.215,Buy
1619223654.4519,50512.0,0.017,Buy
1619223655.5158,50511.5,0.003,Buy
1619223659.5761,50511.0,1.19,Buy
1619223663.66,50510.5,0.021,Sell
1619223665.5203,50510.5,0.02,Sell
1619223665.7523,50510.5,0.5,Sell
1619223668.048,50510.5,0.01,Sell
1619223669.1819,50510.5,1.099,Sell
1619223669.4513,50510.5,0.01,Sell
1619223669.8053,50511.0,6.272,Buy
1619223669.8967,50513.0,0.001,Buy
1619223674.9019,50512.0,0.05,Buy
1619223676.0509,50511.5,0.087,Sell
1619223676.376,50510.5,0.01,Sell
1619223676.6346,50506.0,0.001,Sell
1619223676.7044,50504.5,0.005,Sell
1619223677.1368,50500.5,0.127,Buy
1619223677.1368,50500.5,0.01,Buy
1619223680.9431,50500.5,0.087,Buy
1619223682.7187,50506.5,0.001,Buy
1619223682.7201,50507.0,0.006,Buy
1619223683.7373,50521.0,0.033,Sell
1619223684.5204,50521.5,0.164,Buy
1619223686.9217,50521.5,0.003,Buy
1619223687.6451,50521.0,0.05,Sell
1619223687.6451,50521.0,0.012,Sell
1619223687.6451,50521.0,0.012,Sell
1619223687.8545,50500.0,3.137,Sell
1619223688.1249,50500.5,0.5,Buy
1619223688.2132,50500.5,0.006,Buy
1619223689.8776,50500.0,0.005,Sell
1619223689.9753,50500.0,8.0,Sell
1619223689.9759,50500.0,0.002,Sell
1619223689.9759,50499.5,0.074,Sell
1619223689.9759,50500.0,0.001,Sell
1619223689.9759,50499.0,0.001,Sell
1619223689.9759,50498.0,0.091,Sell
1619223689.9759,50499.5,0.05,Sell
1619223689.9759,50500.0,0.007,Sell
1619223689.9759,50498.0,0.05,Sell
1619223689.9759,50500.0,0.001,Sell
1619223689.9759,50500.0,0.001,Sell
1619223689.9759,50500.0,1.427,Sell
1619223689.9759,50500.0,0.016,Sell
1619223689.9759,50500.0,0.1,Sell
1619223689.9759,50499.0,0.127,Sell
1619223689.9759,50500.0,0.001,Sell
1619223689.9759,50500.0,0.1,Sell
1619223689.9759,50500.0,0.014,Sell
1619223689.9759,50500.0,0.001,Sell
1619223690.3164,50496.5,0.001,Sell
1619223690.3164,50496.5,0.499,Sell
1619223692.4279,50496.5,0.303,Sell
1619223692.5818,50496.5,0.03,Sell
1619223692.9303,50497.0,0.06,Buy
1619223693.5343,50496.5,0.5,Sell
1619223693.8032,50496.5,0.6,Sell
1619223695.3764,50494.0,0.3,Sell
1619223695.8167,50491.0,0.001,Sell
1619223695.8171,50489.5,0.006,Sell
1619223695.826,50491.5,0.12,Buy
1619223695.8528,50489.5,0.083,Sell
1619223698.2122,50489.5,0.21,Sell
1619223698.6456,50489.5,0.038,Sell
1619223699.899,50489.5,3.148,Sell
1619223699.905,50489.5,3.128,Sell
1619223699.9226,50480.0,2.218,Sell
1619223699.9226,50480.0,0.032,Sell
1619223699.9234,50465.0,0.001,Sell
1619223699.9234,50471.0,0.205,Sell
1619223699.9234,50475.0,0.001,Sell
1619223699.9234,50475.0,0.001,Sell
1619223699.9234,50475.0,0.001,Sell
1619223699.9234,50475.0,0.001,Sell
1619223699.9234,50480.0,0.282,Sell
1619223699.9234,50480.0,0.001,Sell
1619223699.9234,50475.0,0.001,Sell
1619223699.9234,50475.0,0.001,Sell
1619223699.9308,50462.5,0.009,Sell
1619223699.9328,50462.5,1.756,Sell
1619223699.9328,50462.0,0.02,Sell
1619223699.9328,50462.0,0.016,Sell
1619223699.9328,50462.5,0.283,Sell
1619223703.6646,50460.0,0.02,Sell
1619223703.6646,50460.0,0.001,Sell
1619223703.6646,50460.0,0.005,Sell
1619223703.6646,50460.0,0.061,Sell
1619223703.6734,50460.0,0.1,Sell
1619223703.6803,50460.0,0.001,Sell
1619223704.8208,50460.0,0.093,Sell
1619223705.2867,50460.0,0.134,Sell
1619223705.9151,50453.0,0.002,Sell
1619223705.9158,50453.0,0.007,Sell
1619223705.9223,50453.0,0.216,Sell
1619223709.4855,50450.0,0.01,Sell
1619223709.4855,50450.0,0.052,Sell
1619223709.4855,50450.0,0.005,Sell
1619223709.4855,50450.0,0.003,Sell
1619223709.4855,50450.0,0.01,Sell
1619223709.4855,50450.0,0.001,Sell
1619223709.4855,50450.0,0.005,Sell
1619223709.4855,50451.0,0.025,Sell
1619223709.4922,50448.0,0.15,Sell
1619223709.5186,50448.0,0.033,Sell
1619223709.5965,50446.5,0.003,Sell
1619223709.6604,50446.0,0.036,Sell
1619223709.6604,50446.0,0.047,Sell
1619223709.6604,50446.0,0.035,Sell
1619223710.5793,50444.0,2.947,Sell
1619223710.5793,50443.0,0.5,Sell
1619223710.5793,50442.5,5.5,Sell
1619223710.5884,50438.0,0.02,Sell
1619223710.6012,50438.0,0.008,Sell
1619223710.7298,50438.0,0.913,Sell
1619223710.7298,50438.0,0.503,Sell
1619223710.7298,50438.0,4.498,Sell
1619223710.7796,50430.5,0.001,Sell
1619223711.1041,50405.5,0.03,Sell
1619223711.1041,50408.0,0.035,Sell
1619223711.1041,50408.0,0.047,Sell
1619223711.1041,50404.5,1.971,Sell
1619223711.1041,50408.0,0.036,Sell
1619223711.1041,50409.0,0.002,Sell
1619223711.1041,50409.0,0.002,Sell
1619223711.1041,50410.0,0.005,Sell
1619223711.1041,50410.0,0.002,Sell
1619223711.1041,50425.0,0.001,Sell
1619223711.1041,50420.0,0.094,Sell
1619223711.1041,50420.0,0.1,Sell
1619223711.1041,50422.0,0.002,Sell
1619223711.1041,50423.0,0.624,Sell
1619223711.1041,50424.5,0.014,Sell
1619223711.1041,50430.0,0.03,Sell
1619223711.1041,50413.0,0.005,Sell
1619223711.1131,50404.5,0.03,Sell
1619223711.1131,50404.5,0.007,Sell
1619223711.1131,50404.5,0.323,Sell
1619223711.1131,50404.5,0.1,Sell
1619223711.6127,50401.0,0.002,Sell
1619223711.6127,50401.0,0.04,Sell
1619223711.6127,50401.0,0.269,Sell
1619223711.7589,50401.0,0.001,Sell
1619223712.679,50400.0,0.005,Sell
1619223712.679,50400.0,0.009,Sell
1619223712.6791,50400.0,0.002,Sell
1619223712.6791,50400.0,0.001,Sell
1619223712.6791,50400.0,0.001,Sell
1619223712.6791,50400.0,0.003,Sell
1619223712.6791,50400.0,0.002,Sell
1619223712.6792,50400.0,0.03,Sell
1619223712.6792,50400.0,0.003,Sell
1619223712.6792,50400.0,0.02,Sell
1619223712.6792,50400.0,0.005,Sell
1619223712.6792,50400.0,0.002,Sell
1619223712.6799,50400.0,0.028,Sell
1619223712.6799,50400.0,0.002,Sell
1619223712.6878,50400.0,0.05,Sell
1619223712.6878,50400.0,0.002,Sell
1619223712.6878,50400.0,0.078,Sell
1619223712.6878,50400.0,0.02,Sell
1619223712.6878,50400.0,0.098,Sell
1619223712.6878,50400.0,0.05,Sell
1619223712.6878,50400.0,0.002,Sell
1619223713.6744,50400.0,0.117,Sell
1619223714.6459,50380.0,1.737,Sell
1619223714.6459,50380.0,0.23,Sell
1619223714.6459,50381.0,7.542,Sell
1619223714.6459,50381.5,7.542,Sell
1619223714.6459,50385.0,0.2,Sell
1619223714.6459,50390.0,0.536,Sell
1619223714.6459,50393.0,0.02,Sell
1619223714.6459,50380.0,0.003,Sell
1619223714.6459,50395.0,0.02,Sell
1619223714.6459,50400.0,0.047,Sell
1619223714.6459,50399.5,0.001,Sell
1619223714.6459,50399.5,0.001,Sell
1619223714.6459,50398.5,0.001,Sell
1619223714.6459,50395.0,0.013,Sell
1619223714.6459,50396.5,0.001,Sell
1619223714.6459,50398.5,0.005,Sell
1619223714.6459,50396.0,0.1,Sell
1619223714.6459,50396.5,0.001,Sell
1619223714.6569,50384.0,0.07,Sell
1619223714.6569,50384.0,0.756,Sell
1619223717.1545,50380.0,0.05,Sell
1619223719.0303,50380.5,0.2,Buy
1619223719.5179,50380.0,0.147,Sell
1619223719.8395,50380.0,0.5,Sell
1619223720.0538,50380.0,0.1,Sell
1619223720.8452,50380.0,0.107,Sell
1619223721.0502,50380.0,0.182,Sell
1619223721.1059,50380.0,3.53,Sell
1619223721.1301,50380.0,2.434,Sell
1619223721.1301,50380.0,0.001,Sell
1619223721.1301,50379.5,0.001,Sell
1619223721.1301,50379.5,4.314,Sell
1619223721.1547,50370.5,0.035,Sell
1619223721.1547,50370.0,0.12,Sell
1619223721.1547,50371.0,1.0,Sell
1619223721.1547,50375.0,0.001,Sell
1619223721.1547,50370.5,0.036,Sell
1619223721.1547,50370.5,0.047,Sell
1619223721.1547,50375.0,0.1,Sell
1619223721.1547,50374.5,0.002,Sell
1619223721.1633,50350.0,0.093,Sell
1619223721.1633,50366.0,0.058,Sell
1619223721.1633,50360.0,0.012,Sell
1619223721.1633,50355.0,0.02,Sell
1619223721.1633,50354.0,0.002,Sell
1619223721.1633,50351.5,0.001,Sell
1619223721.1633,50350.0,0.003,Sell
1619223721.1633,50350.0,0.001,Sell
1619223721.1633,50350.0,0.001,Sell
1619223721.1633,50350.0,0.004,Sell
1619223721.1633,50350.0,0.005,Sell
1619223721.1633,50350.0,0.019,Sell
1619223721.1633,50350.0,0.031,Sell
1619223721.1633,50352.0,0.001,Sell
1619223721.1636,50350.0,0.037,Sell
1619223721.1775,50370.0,0.1,Buy
1619223721.1775,50350.0,0.056,Sell
1619223721.1799,50366.5,0.001,Buy
1619223721.1799,50350.0,0.482,Sell
1619223721.4468,50350.0,0.01,Sell
1619223721.4566,50350.0,0.05,Sell
1619223721.4618,50350.0,0.01,Sell
1619223721.4618,50350.0,0.01,Sell
1619223721.4805,50350.0,0.1,Sell
1619223721.5028,50350.0,0.03,Sell
1619223721.536,50350.0,0.1,Sell
1619223721.5441,50350.0,0.01,Sell
1619223721.5976,50350.0,0.069,Sell
1619223721.5976,50350.0,0.081,Sell
1619223721.7002,50350.5,0.017,Buy
1619223722.1328,50350.0,0.031,Sell
1619223722.1541,50350.5,0.002,Buy
1619223722.4147,50350.0,1.017,Sell
1619223723.2951,50350.0,0.2,Sell
1619223723.4656,50350.0,0.607,Sell
1619223723.7525,50350.0,0.002,Sell
1619223724.0834,50350.0,0.009,Sell
1619223724.594,50350.0,0.05,Sell
1619223724.945,50350.0,0.004,Sell
1619223725.5092,50350.0,0.002,Sell
1619223725.5983,50350.5,1.0,Buy
1619223725.6679,50350.0,0.05,Sell
1619223725.8312,50350.0,0.028,Sell
1619223726.6551,50350.5,5.914,Buy
1619223726.7665,50373.0,0.084,Sell
1619223726.9466,50373.0,0.055,Sell
1619223727.4366,50377.0,2.168,Sell
1619223727.4422,50377.0,0.034,Sell
1619223727.7907,50380.0,0.181,Buy
1619223727.7907,50380.0,0.019,Buy
1619223728.9502,50392.5,0.2,Buy
1619223729.7766,50392.5,0.1,Buy
1619223729.8175,50401.5,0.001,Buy
1619223729.8175,50400.0,0.005,Buy
1619223729.8175,50401.5,0.011,Buy
1619223729.8315,50401.5,0.002,Buy
1619223729.9768,50406.0,0.001,Buy
1619223729.9777,50406.0,0.006,Buy
1619223730.229,50407.5,0.1,Buy
1619223730.2611,50407.5,0.147,Buy
1619223730.4255,50419.0,0.1,Sell
1619223730.5673,50419.0,0.554,Sell
1619223730.6605,50419.5,0.05,Buy
1619223730.6605,50420.0,0.15,Buy
1619223730.8069,50419.5,0.311,Buy
1619223731.0929,50419.0,0.083,Sell
1619223731.354,50419.0,0.5,Sell
1619223731.4837,50419.5,0.2,Buy
1619223731.7129,50419.0,0.3,Sell
1619223732.4051,50419.5,0.001,Buy
1619223733.1343,50421.5,0.055,Buy
1619223733.9135,50425.5,0.127,Buy
1619223734.0993,50426.0,0.2,Buy
1619223736.3961,50426.0,0.047,Buy
1619223736.6534,50425.5,0.354,Sell
1619223736.6534,50425.5,0.64,Sell
1619223736.8776,50425.5,0.045,Sell
1619223736.9725,50426.0,0.054,Buy
1619223739.9558,50426.0,0.199,Buy
1619223739.9558,50426.0,0.417,Buy
1619223740.3934,50425.5,0.126,Sell
1619223740.4424,50425.5,0.002,Sell
1619223740.6221,50426.0,0.001,Buy
1619223741.2881,50428.5,0.002,Sell
1619223741.6957,50428.5,0.913,Sell
1619223741.923,50429.0,0.05,Buy
1619223741.923,50429.5,0.05,Buy
1619223742.0879,50436.0,0.036,Buy
1619223742.0879,50436.0,0.024,Buy
1619223742.0951,50436.0,0.001,Buy
1619223742.4486,50436.0,0.011,Buy
1619223742.4486,50436.0,0.022,Buy
1619223742.8793,50436.0,0.024,Buy
1619223742.8793,50445.0,0.661,Buy
1619223743.2586,50446.0,0.1,Sell
1619223743.6779,50446.0,0.002,Sell
1619223744.5154,50450.0,0.003,Buy
1619223745.1765,50459.0,0.002,Sell
1619223745.8299,50459.5,0.001,Buy
1619223746.4488,50459.5,0.07,Buy
1619223746.4488,50459.5,0.036,Buy
1619223746.4488,50459.5,0.047,Buy
1619223746.4488,50459.5,0.033,Buy
1619223746.642,50459.5,0.027,Buy
1619223746.7048,50459.0,0.002,Sell
1619223747.3619,50458.5,0.002,Sell
1619223747.8939,50421.5,0.029,Buy
1619223748.186,50421.0,0.002,Sell
1619223748.3975,50419.5,0.016,Buy
1619223748.9204,50419.0,0.05,Sell
1619223748.9204,50419.0,0.05,Sell
1619223748.9204,50419.0,0.05,Sell
1619223748.9615,50419.5,0.085,Buy
1619223749.689,50419.0,0.002,Sell
1619223751.194,50419.0,0.002,Sell
1619223751.3657,50419.5,0.1,Buy
1619223753.2187,50421.0,0.121,Sell
1619223753.5484,50421.0,0.002,Sell
1619223755.037,50420.0,0.002,Sell
1619223755.2031,50420.0,0.002,Sell
1619223755.7814,50420.5,1.089,Buy
1619223756.453,50420.0,0.002,Sell
1619223757.899,50420.0,0.002,Sell
1619223758.1064,50420.0,0.022,Sell
1619223759.582,50420.0,0.028,Sell
1619223759.6172,50420.0,0.012,Sell
1619223759.6614,50419.0,0.307,Sell
1619223759.9473,50408.5,0.004,Buy
1619223760.0071,50408.0,0.002,Sell
1619223760.0889,50408.0,0.006,Sell
1619223760.0889,50408.0,0.034,Sell
1619223760.9985,50408.5,0.783,Buy
1619223761.0005,50408.0,0.041,Sell
1619223761.0767,50400.0,0.003,Sell
1619223762.1574,50379.5,0.07,Sell
1619223762.1574,50379.5,0.095,Sell
1619223764.2931,50394.5,0.1,Buy
1619223764.609,50394.0,1.0,Sell
1619223765.3483,50408.5,0.02,Buy
1619223766.5588,50371.0,0.018,Sell
1619223770.6386,50371.0,0.013,Sell
1619223771.4979,50390.5,0.039,Sell
1619223772.4141,50390.5,0.476,Sell
1619223773.8395,50391.0,0.01,Buy
1619223774.6148,50391.0,0.114,Buy
1619223774.6791,50393.0,0.02,Buy
1619223776.0792,50394.0,0.236,Buy
1619223776.2465,50394.0,0.146,Buy
1619223776.6251,50391.5,0.015,Buy
1619223778.2136,50391.5,0.015,Buy
1619223782.7896,50370.5,0.036,Sell
1619223782.7896,50370.5,0.035,Sell
1619223782.7896,50370.5,0.118,Sell
1619223782.7896,50370.5,0.047,Sell
1619223783.4181,50371.0,0.001,Buy
1619223783.4886,50373.0,0.001,Buy
1619223784.6152,50387.0,0.01,Buy
1619223785.6044,50387.0,0.197,Buy
1619223785.6044,50387.0,0.05,Buy
1619223785.6044,50387.0,0.1,Buy
1619223785.6044,50388.0,4.653,Buy
1619223785.6112,50388.0,0.45,Buy
1619223785.8006,50389.5,0.05,Buy
1619223785.8983,50400.0,0.002,Buy
1619223785.8983,50400.0,0.005,Buy
1619223785.8983,50401.5,0.008,Buy
1619223785.8983,50391.0,0.001,Buy
1619223786.3343,50408.5,0.146,Sell
1619223786.7483,50409.0,0.004,Buy
1619223788.4813,50409.0,0.268,Buy
1619223788.4813,50409.0,0.182,Buy
1619223789.1342,50408.5,0.1,Sell
1619223790.4627,50420.0,0.001,Buy
1619223790.5408,50419.5,0.001,Sell
1619223790.8265,50420.5,0.07,Buy
1619223790.8265,50420.5,0.05,Buy
1619223790.8265,50421.5,0.007,Buy
1619223790.8265,50420.0,0.075,Buy
1619223791.707,50421.5,0.012,Buy
1619223791.707,50421.5,0.177,Buy
1619223793.2722,50436.0,0.047,Buy
1619223793.2722,50424.0,0.1,Buy
1619223793.2722,50424.0,0.001,Buy
1619223793.2722,50424.0,0.001,Buy
1619223793.2722,50436.0,0.036,Buy
1619223793.2722,50442.0,0.117,Buy
1619223793.2722,50436.0,0.035,Buy
1619223793.2722,50438.0,0.067,Buy
1619223793.2722,50442.0,0.046,Buy
1619223794.0968,50441.5,0.001,Sell
1619223794.1365,50441.0,0.009,Buy
1619223794.1365,50441.0,0.006,Buy
1619223796.0234,50434.5,1.102,Buy
1619223796.0827,50434.5,0.03,Buy
1619223798.8199,50434.5,0.225,Buy
1619223798.8233,50434.0,0.05,Sell
1619223798.8968,50423.5,0.001,Sell
1619223798.8968,50423.5,0.001,Sell
1619223798.8976,50421.0,0.007,Sell
1619223798.92,50422.5,0.007,Sell
1619223798.9214,50422.5,0.002,Sell
1619223798.9599,50423.0,0.132,Buy
1619223800.5323,50403.5,0.108,Buy
1619223802.5787,50416.0,0.014,Buy
1619223808.4454,50415.5,0.038,Buy
1619223810.4102,50415.0,0.006,Sell
1619223810.708,50415.5,0.305,Buy
1619223812.1558,50415.0,0.024,Sell
1619223813.6328,50415.0,0.004,Sell
1619223814.7354,50415.0,0.196,Sell
1619223814.7354,50415.0,0.028,Sell
1619223814.7354,50415.0,0.02,Sell
1619223814.7354,50415.0,1.0,Sell
1619223814.7354,50415.0,0.005,Sell
1619223815.6513,50400.5,0.07,Buy
1619223815.6513,50400.5,0.096,Buy
1619223815.6513,50400.5,0.087,Buy
1619223818.7258,50400.0,0.072,Sell
1619223818.7258,50400.0,0.005,Sell
1619223818.7258,50400.0,0.01,Sell
1619223821.2581,50400.0,0.007,Sell
1619223821.7738,50400.0,0.004,Sell
1619223826.0102,50400.0,0.081,Sell
1619223826.0102,50400.0,0.046,Sell
1619223826.7909,50400.0,0.1,Sell
1619223828.2227,50400.5,0.001,Buy
1619223828.937,50400.0,0.364,Sell
1619223828.937,50400.0,0.028,Sell
1619223830.7976,50384.5,0.225,Sell
1619223831.2573,50384.5,0.007,Sell
1619223833.5243,50384.5,0.021,Sell
1619223836.9161,50385.0,0.003,Buy
1619223840.9339,50385.0,0.014,Buy
1619223840.9339,50385.0,0.618,Buy
1619223841.1137,50385.0,0.01,Buy
1619223841.9563,50384.5,1.0,Sell
1619223843.0124,50384.5,4.5,Sell
1619223844.4167,50384.5,0.062,Sell
1619223845.9685,50384.5,0.005,Sell
1619223846.6244,50384.5,0.025,Sell
1619223847.0548,50385.0,0.502,Buy
1619223849.4102,50385.0,0.022,Buy
1619223850.1412,50385.0,0.067,Buy
1619223850.3619,50385.0,0.01,Buy
1619223850.3619,50385.0,0.019,Buy
1619223850.6491,50400.0,0.046,Sell
1619223850.9193,50400.5,0.004,Buy
1619223851.1949,50400.5,0.006,Buy
1619223853.2837,50400.5,0.022,Buy
1619223853.2837,50400.5,0.099,Buy
1619223854.6982,50419.5,0.011,Sell
1619223858.0793,50420.0,0.04,Buy
1619223859.3568,50420.0,0.106,Buy
1619223863.6171,50420.0,0.013,Buy
1619223864.1005,50419.5,0.025,Sell
1619223866.081,50420.0,0.006,Buy
1619223867.2686,50419.5,0.48,Sell
1619223868.3573,50420.0,0.1,Buy
1619223871.1363,50420.0,0.005,Buy
1619223873.295,50419.5,3.209,Sell
1619223873.295,50419.5,3.128,Sell
1619223873.295,50419.5,3.148,Sell
1619223873.295,50419.5,3.137,Sell
1619223873.295,50419.5,0.05,Sell
1619223873.295,50419.5,0.6,Sell
1619223873.295,50419.5,0.116,Sell
1619223873.295,50419.5,0.05,Sell
1619223873.295,50419.5,0.64,Sell
1619223873.295,50419.5,0.872,Sell
1619223873.295,50419.5,0.05,Sell
1619223874.0528,50420.0,0.015,Buy
1619223876.2013,50420.0,0.057,Buy
1619223878.6393,50420.0,0.096,Buy
1619223880.7035,50420.0,0.003,Buy
1619223880.7035,50420.0,0.003,Buy
1619223883.0061,50420.0,0.01,Buy
1619223887.6199,50420.0,0.002,Buy
1619223887.6199,50420.0,0.062,Buy
1619223889.88,50420.0,0.001,Buy
1619223892.9389,50420.0,0.112,Buy
1619223894.041,50419.5,0.008,Sell
1619223896.5779,50420.0,0.05,Buy
1619223898.8028,50420.0,0.139,Buy
1619223898.8028,50420.0,0.006,Buy
1619223899.5667,50420.0,0.093,Buy
1619223899.5667,50420.0,0.005,Buy
1619223899.5667,50420.0,0.005,Buy
1619223899.5667,50420.5,0.001,Buy
1619223900.918,50435.0,0.016,Buy
1619223903.3612,50435.0,0.034,Buy
1619223903.3612,50435.0,0.099,Buy
1619223904.1778,50440.0,0.03,Buy
1619223904.4166,50449.5,0.1,Sell
1619223904.9955,50450.0,0.13,Buy
1619223904.9955,50450.0,0.001,Buy
1619223904.9955,50450.0,0.066,Buy
1619223905.7806,50455.0,0.005,Sell
1619223906.2277,50455.5,0.005,Buy
1619223908.8327,50455.5,0.531,Buy
1619223908.8327,50455.5,0.045,Buy
1619223908.8327,50455.5,0.001,Buy
1619223909.3218,50458.5,0.081,Buy
1619223910.0382,50458.5,0.022,Buy
1619223910.669,50458.5,0.012,Buy
1619223912.6018,50458.5,0.1,Buy
1619223912.9922,50458.5,0.046,Buy
1619223913.9156,50458.0,0.621,Sell
1619223913.9156,50458.0,0.379,Sell
1619223918.1284,50458.5,0.185,Buy
1619223919.177,50458.5,0.152,Buy
1619223919.177,50458.5,0.099,Buy
1619223919.177,50458.5,0.061,Buy
1619223921.7224,50461.0,1.877,Buy
1619223921.7224,50460.0,0.036,Buy
1619223921.7224,50460.0,0.001,Buy
1619223921.7224,50460.0,0.047,Buy
1619223921.7224,50460.0,0.06,Buy
1619223921.7224,50460.0,0.23,Buy
1619223921.7224,50458.5,0.099,Buy
1619223921.7224,50458.5,0.15,Buy
1619223922.8054,50460.5,0.006,Sell
1619223924.1944,50461.5,0.001,Buy
1619223924.1944,50461.5,0.39,Buy
1619223925.5208,50461.5,0.1,Buy
1619223926.6822,50461.5,0.027,Buy
1619223928.0543,50461.5,0.098,Buy
1619223928.8768,50461.5,3.0,Buy
1619223929.4636,50461.5,1.26,Buy
1619223929.4636,50461.5,0.354,Buy
1619223929.4636,50461.5,0.006,Buy
1619223929.4636,50461.5,0.003,Buy
1619223930.1315,50461.5,0.029,Sell
1619223932.0677,50462.0,0.007,Buy
1619223933.2714,50462.0,0.029,Buy
1619223936.3244,50462.0,0.012,Buy
1619223943.4886,50462.0,1.0,Buy
1619223945.6485,50462.0,0.001,Buy
1619223946.2255,50462.0,0.015,Buy
1619223951.803,50462.0,0.021,Buy
1619223953.3,50461.5,0.441,Sell
1619223955.8017,50461.5,0.371,Sell
1619223955.9018,50461.5,0.2,Sell
1619223958.2558,50462.0,0.688,Buy
1619223965.3823,50461.5,0.005,Sell
1619223965.3823,50461.5,0.011,Sell
1619223965.7806,50461.0,0.016,Sell
1619223967.0777,50461.0,0.037,Buy
1619223968.203,50460.5,0.173,Sell
1619223971.276,50461.0,0.009,Buy
1619223971.5641,50461.0,0.004,Buy
1619223971.7024,50461.0,0.004,Buy
1619223972.4445,50461.0,0.038,Buy
1619223973.9796,50460.5,0.144,Sell
1619223973.9796,50460.5,0.001,Sell
1619223973.9796,50460.5,0.001,Sell
1619223974.3726,50455.0,8.0,Sell
1619223974.381,50455.0,9.0,Sell
1619223974.4178,50455.0,0.067,Sell
1619223974.9655,50455.5,0.017,Buy
1619223975.0093,50455.0,5.405,Sell
1619223975.0104,50455.0,3.929,Sell
1619223975.0104,50455.0,1.115,Sell
1619223975.0109,50455.0,5.914,Sell
1619223975.5362,50448.0,0.022,Buy
1619223975.5558,50447.5,0.64,Sell
1619223975.5752,50447.5,3.137,Sell
