1619395203.0717,49023.0,0.05,Buy
1619395203.5485,49023.0,0.2,Buy
1619395203.5485,49023.0,0.089,Buy
1619395203.6185,49024.0,0.007,Buy
1619395203.6185,49024.0,0.001,Buy
1619395204.6834,49026.0,0.016,Buy
1619395205.3399,49026.0,0.003,Buy
1619395205.6908,49025.5,0.1,Sell
1619395207.4062,49026.0,0.03,Buy
1619395209.3708,49026.0,0.053,Buy
1619395209.7795,49026.0,0.062,Buy
1619395210.3401,49026.0,0.018,Buy
1619395210.3766,49026.0,0.018,Buy
1619395211.3544,49026.5,0.181,Buy
1619395215.5934,49026.5,0.024,Buy
1619395216.8827,49026.5,0.054,Buy
1619395216.8827,49032.0,0.002,Buy
1619395216.8827,49036.0,0.093,Buy
1619395217.1457,49035.5,0.015,Sell
1619395217.425,49036.0,0.119,Buy
1619395217.4346,49036.0,0.15,Buy
1619395218.8226,49036.0,0.025,Buy
1619395218.8226,49036.0,0.138,Buy
1619395219.1196,49036.0,0.261,Buy
1619395219.1196,49036.0,0.015,Buy
1619395220.1148,49036.0,0.157,Buy
1619395220.7742,49035.5,0.709,Sell
1619395220.7742,49035.5,0.057,Sell
1619395220.8593,49035.5,0.782,Sell
1619395220.957,49036.0,0.222,Buy
1619395220.957,49036.0,0.309,Buy
1619395221.0394,49036.0,0.108,Buy
1619395221.0479,49036.0,0.131,Buy
1619395221.8361,49036.0,0.7,Buy
1619395221.8361,49036.0,0.7,Buy
1619395222.312,49036.0,0.036,Buy
1619395222.4762,49036.0,0.018,Buy
1619395222.6102,49035.5,0.028,Sell
1619395223.434,49036.0,0.155,Buy
1619395224.338,49036.0,0.006,Buy
1619395224.526,49036.5,0.356,Buy
1619395224.7208,49036.5,0.122,Buy
1619395225.6834,49036.5,0.022,Buy
1619395226.3144,49039.0,0.12,Buy
1619395226.3232,49039.0,0.163,Buy
1619395226.6775,49039.0,0.072,Buy
1619395228.0426,49039.0,0.07,Buy
1619395228.351,49039.0,0.129,Buy
1619395229.492,49038.5,0.201,Sell
1619395230.0948,49039.0,0.153,Buy
1619395231.7776,49039.0,0.025,Buy
1619395231.7776,49039.0,0.092,Buy
1619395231.8134,49039.0,0.131,Buy
1619395233.1966,49040.0,0.001,Buy
1619395233.1981,49040.0,0.006,Buy
1619395235.2975,49040.5,0.053,Buy
1619395235.6472,49042.5,0.1,Buy
1619395235.6472,49042.5,0.029,Buy
1619395235.7803,49042.5,0.014,Buy
1619395235.8194,49042.5,0.017,Buy
1619395238.7507,49046.0,0.05,Buy
1619395239.043,49050.0,0.021,Buy
1619395239.043,49050.0,0.162,Buy
1619395239.043,49050.0,0.1,Buy
1619395239.043,49050.0,0.005,Buy
1619395239.043,49050.0,0.05,Buy
1619395239.0513,49058.5,0.171,Buy
1619395239.0513,49053.0,0.16,Buy
1619395239.2307,49058.5,0.829,Buy
1619395239.2307,49075.0,0.008,Buy
1619395239.2307,49080.0,0.001,Buy
1619395239.2307,49073.0,0.001,Buy
1619395239.2307,49067.5,0.186,Buy
1619395239.2307,49061.0,0.007,Buy
1619395239.2464,49083.0,0.027,Buy
1619395239.2678,49084.0,0.01,Buy
1619395239.2678,49085.0,0.005,Buy
1619395239.2678,49087.5,0.032,Buy
1619395239.2844,49090.5,0.116,Buy
1619395239.2844,49087.5,0.018,Buy
1619395239.2978,49087.0,0.01,Sell
1619395239.4059,49090.0,0.007,Buy
1619395239.406,49090.0,0.044,Buy
1619395239.4168,49090.5,0.16,Buy
1619395239.4168,49090.0,0.019,Buy
1619395239.6365,49092.0,0.002,Buy
1619395240.4073,49093.0,0.05,Buy
1619395240.4073,49093.0,0.05,Buy
1619395241.3438,49094.5,0.013,Sell
1619395241.4027,49095.0,0.01,Buy
1619395241.6292,49095.0,0.01,Buy
1619395242.1401,49094.5,0.01,Sell
1619395242.3402,49095.0,0.003,Buy
1619395242.4546,49095.0,0.027,Buy
1619395242.537,49099.0,0.004,Buy
1619395242.537,49098.0,0.007,Buy
1619395242.5467,49099.5,0.005,Sell
1619395242.5467,49099.5,0.005,Sell
1619395242.6548,49100.0,0.05,Buy
1619395242.6623,49100.0,0.12,Buy
1619395242.6623,49100.0,0.005,Buy
1619395242.6623,49100.0,0.003,Buy
1619395242.6623,49100.0,0.002,Buy
1619395242.6623,49100.0,0.01,Buy
1619395242.6623,49100.0,0.002,Buy
1619395242.6623,49100.0,0.002,Buy
1619395242.6623,49100.0,0.017,Buy
1619395242.6623,49100.0,0.1,Buy
1619395242.7799,49100.0,0.018,Buy
1619395243.1988,49100.0,1.0,Buy
1619395243.31,49100.0,0.772,Buy
1619395243.31,49100.0,0.12,Buy
1619395243.31,49100.0,0.022,Buy
1619395243.31,49100.0,0.001,Buy
1619395243.31,49100.0,0.003,Buy
1619395243.31,49100.0,0.3,Buy
1619395243.31,49100.0,0.003,Buy
1619395243.31,49100.0,0.021,Buy
1619395244.5164,49100.5,0.1,Buy
1619395244.5309,49110.0,0.024,Buy
1619395244.5309,49120.0,0.001,Buy
1619395244.5309,49119.0,0.206,Buy
1619395244.5309,49111.0,0.05,Buy
1619395244.5309,49113.0,0.001,Buy
1619395244.5309,49114.0,0.002,Buy
1619395244.5414,49121.0,0.01,Sell
1619395244.5535,49123.5,0.005,Buy
1619395244.5535,49122.0,0.01,Buy
1619395244.5629,49123.5,0.059,Buy
1619395244.5629,49124.0,0.045,Buy
1619395244.5629,49127.0,0.097,Buy
1619395244.6679,49126.5,0.031,Sell
1619395245.4115,49127.0,0.008,Buy
1619395245.4115,49127.0,0.013,Buy
1619395245.4305,49127.0,0.02,Buy
1619395245.5065,49139.5,6.926,Buy
1619395245.5065,49140.0,3.395,Buy
1619395245.5065,49138.5,0.028,Buy
1619395245.5065,49137.0,0.345,Buy
1619395245.5065,49135.0,0.02,Buy
1619395245.5065,49135.0,0.007,Buy
1619395245.5065,49134.0,0.1,Buy
1619395245.5065,49134.0,0.001,Buy
1619395245.5065,49130.0,0.097,Buy
1619395245.5065,49137.0,0.001,Buy
1619395245.5065,49127.0,0.03,Buy
1619395245.5065,49127.0,0.097,Buy
1619395245.5065,49129.5,0.004,Buy
1619395245.5081,49140.0,0.08,Buy
1619395245.5141,49140.0,0.023,Buy
1619395245.5142,49140.0,0.099,Buy
1619395245.5145,49126.5,0.01,Sell
1619395245.5147,49126.5,0.016,Sell
1619395245.5153,49140.0,0.2,Buy
1619395245.5158,49140.0,0.002,Buy
1619395245.5158,49140.0,0.013,Buy
1619395245.5313,49141.0,0.02,Buy
1619395245.5313,49141.0,0.05,Buy
1619395246.4059,49150.0,0.078,Buy
1619395246.4059,49150.0,0.217,Buy
1619395246.4059,49144.5,0.085,Buy
1619395246.4059,49145.0,0.02,Buy
1619395246.4148,49144.5,0.015,Buy
1619395246.4149,49150.0,0.009,Buy
1619395246.4149,49150.0,0.005,Buy
1619395246.4149,49150.0,0.001,Buy
1619395246.4149,49150.0,0.466,Buy
1619395246.4151,49160.0,0.001,Buy
1619395246.4151,49160.0,0.004,Buy
1619395246.4151,49160.0,0.001,Buy
1619395246.4151,49150.0,0.534,Buy
1619395246.4151,49160.5,0.733,Buy
1619395246.4151,49150.0,0.005,Buy
1619395246.4151,49150.0,0.1,Buy
1619395246.4151,49152.5,0.004,Buy
1619395246.4151,49150.5,0.005,Buy
1619395246.4151,49153.0,0.008,Buy
1619395246.4154,49160.5,6.854,Buy
1619395246.4154,49160.5,0.601,Buy
1619395246.4154,49160.5,0.444,Buy
1619395246.4154,49160.5,0.594,Buy
1619395246.4245,49158.0,1.255,Buy
1619395246.7164,49161.5,0.01,Buy
1619395246.9338,49167.5,0.004,Buy
1619395246.9338,49167.5,0.004,Buy
1619395246.9338,49167.5,0.257,Buy
1619395246.9472,49168.5,0.25,Buy
1619395246.9474,49167.0,0.002,Sell
1619395246.9475,49168.5,0.031,Buy
1619395247.0105,49168.5,4.002,Buy
1619395247.5134,49170.0,0.05,Buy
1619395247.5134,49171.0,0.05,Buy
1619395247.5342,49173.0,0.001,Buy
1619395247.5342,49175.0,0.001,Buy
1619395247.5342,49171.0,0.026,Buy
1619395247.5342,49175.0,0.065,Buy
1619395247.5342,49172.0,0.007,Buy
1619395247.5425,49177.0,0.5,Buy
1619395247.5425,49176.0,0.096,Buy
1619395247.5425,49175.5,0.004,Buy
1619395247.5425,49177.0,1.324,Buy
1619395247.5425,49177.0,0.001,Buy
1619395247.5425,49175.0,0.04,Buy
1619395247.5425,49175.0,0.435,Buy
1619395247.6584,49180.0,0.01,Buy
1619395247.669,49182.5,0.249,Buy
1619395247.669,49182.5,0.001,Buy
1619395247.6694,49183.0,0.008,Buy
1619395247.6694,49183.0,1.354,Buy
1619395247.6694,49182.5,7.638,Buy
1619395247.6801,49183.0,0.081,Buy
1619395247.8171,49184.0,0.01,Buy
1619395248.1281,49188.0,0.2,Buy
1619395248.1381,49193.0,0.05,Buy
1619395248.1381,49194.0,0.001,Buy
1619395248.1381,49194.0,0.1,Buy
1619395248.1381,49195.0,0.005,Buy
1619395248.1381,49195.0,0.076,Buy
1619395248.1381,49193.0,0.05,Buy
1619395248.1381,49188.5,0.035,Buy
1619395248.1381,49188.0,0.3,Buy
1619395248.1385,49187.5,0.01,Sell
1619395248.1592,49199.5,0.469,Buy
1619395248.1592,49199.0,0.003,Buy
1619395248.1592,49198.5,0.004,Buy
1619395248.1592,49196.0,0.1,Buy
1619395248.1592,49195.0,0.024,Buy
1619395248.4296,49200.0,0.041,Buy
1619395248.4296,49200.0,0.033,Buy
1619395248.4296,49200.0,0.012,Buy
1619395248.4296,49200.0,0.373,Buy
1619395248.4296,49200.0,0.009,Buy
1619395248.4296,49200.0,0.01,Buy
1619395248.4296,49200.0,0.01,Buy
1619395248.4296,49200.0,0.001,Buy
1619395248.4296,49200.0,0.006,Buy
1619395248.4299,49200.0,0.1,Buy
1619395248.4299,49200.0,0.003,Buy
1619395248.43,49200.0,0.046,Buy
1619395248.43,49200.0,0.001,Buy
1619395248.43,49199.5,0.072,Sell
1619395248.43,49200.0,0.2,Buy
1619395248.43,49200.0,0.009,Buy
1619395248.43,49200.0,0.002,Buy
1619395248.43,49200.0,0.014,Buy
1619395248.43,49200.0,0.399,Buy
1619395248.4301,49200.0,0.057,Buy
1619395248.4302,49200.0,0.1,Buy
1619395248.4302,49200.0,0.32,Buy
1619395248.4302,49200.0,0.01,Buy
1619395248.4302,49200.0,0.002,Buy
1619395248.4302,49200.0,0.002,Buy
1619395248.4302,49200.0,0.002,Buy
1619395248.4302,49200.0,0.21,Buy
1619395248.4302,49200.0,0.012,Buy
1619395248.4303,49200.0,0.007,Buy
1619395248.4309,49200.0,0.217,Buy
1619395248.4311,49200.0,0.167,Buy
1619395248.4313,49200.0,0.5,Buy
1619395248.4314,49199.5,0.175,Sell
1619395248.4314,49200.0,0.137,Buy
1619395248.4488,49200.0,0.071,Buy
1619395248.4621,49200.0,0.03,Buy
1619395248.5258,49200.0,5.0,Buy
1619395248.5719,49200.0,2.4,Buy
1619395248.579,49200.0,1.2,Buy
1619395249.1474,49200.0,0.303,Buy
1619395249.2771,49207.0,1.012,Buy
1619395249.2771,49201.0,0.01,Buy
1619395249.2771,49201.0,0.002,Buy
1619395249.2771,49200.5,0.005,Buy
1619395249.2771,49200.0,0.042,Buy
1619395249.2771,49200.0,0.564,Buy
1619395249.2771,49200.0,0.365,Buy
1619395249.2854,49207.0,1.486,Buy
1619395249.2854,49199.5,0.015,Sell
1619395249.2856,49199.5,0.022,Sell
1619395249.6382,49209.0,0.009,Buy
1619395249.8318,49210.0,0.007,Buy
1619395249.8318,49210.0,2.848,Buy
1619395249.8318,49210.0,0.001,Buy
1619395249.8318,49210.0,0.435,Buy
1619395249.8513,49211.0,0.327,Buy
1619395249.8513,49210.5,4.819,Buy
1619395249.8513,49210.0,4.854,Buy
1619395249.8653,49211.0,0.22,Buy
1619395249.9956,49211.0,0.257,Buy
1619395251.298,49213.0,0.017,Buy
1619395251.298,49213.0,0.005,Buy
1619395251.698,49213.0,0.029,Buy
1619395251.94,49212.0,0.008,Sell
1619395252.7725,49212.0,0.115,Buy
1619395252.7725,49202.0,0.012,Buy
1619395253.1421,49205.0,0.054,Buy
1619395253.5648,49205.0,0.02,Buy
1619395253.8499,49205.0,0.125,Buy
1619395254.4673,49205.0,0.036,Buy
1619395254.5017,49205.0,0.24,Buy
1619395255.7647,49204.5,0.052,Sell
1619395255.7738,49204.5,0.257,Sell
1619395256.2761,49204.5,0.109,Sell
1619395256.3846,49204.5,0.002,Sell
1619395256.3959,49204.5,0.002,Sell
1619395256.433,49204.5,0.002,Sell
1619395256.4907,49204.5,0.037,Sell
1619395256.7822,49203.5,0.011,Sell
1619395257.6774,49192.5,0.01,Sell
1619395258.2927,49192.5,0.02,Sell
1619395258.3701,49193.0,0.026,Buy
1619395258.3701,49193.0,0.005,Buy
1619395258.5798,49192.5,0.078,Sell
1619395258.5798,49172.0,0.007,Sell
1619395258.5798,49169.5,3.755,Sell
1619395258.5798,49192.5,0.222,Sell
1619395258.5877,49169.5,0.012,Sell
1619395258.6033,49169.5,0.1,Sell
1619395258.6976,49171.5,0.5,Sell
1619395260.0831,49173.5,0.015,Sell
1619395260.1501,49173.5,0.158,Sell
1619395260.4354,49181.0,0.454,Buy
1619395260.4354,49181.0,0.28,Buy
1619395260.4354,49174.0,0.222,Buy
1619395261.2008,49185.5,0.005,Sell
1619395261.2709,49186.0,0.056,Buy
1619395262.5604,49175.5,0.83,Sell
1619395262.5604,49174.0,0.07,Sell
1619395262.8694,49164.5,0.009,Buy
1619395263.4435,49160.0,0.001,Sell
1619395263.4435,49164.0,0.1,Sell
1619395263.4435,49153.0,0.024,Sell
1619395263.5676,49140.5,2.826,Sell
1619395263.5676,49153.0,0.523,Sell
1619395263.5676,49151.0,0.1,Sell
1619395263.5676,49153.0,1.08,Sell
1619395263.5676,49153.0,0.1,Sell
1619395263.5676,49142.5,0.076,Sell
1619395263.5676,49153.0,0.295,Sell
1619395263.5768,49140.5,0.008,Sell
1619395263.6636,49153.0,0.869,Sell
1619395264.8722,49140.5,0.07,Sell
1619395264.8722,49135.0,0.007,Sell
1619395264.8722,49134.0,0.001,Sell
1619395264.8722,49125.5,0.123,Sell
1619395264.8791,49125.5,0.002,Sell
1619395265.3825,49126.0,0.028,Buy
1619395265.5105,49126.0,0.081,Buy
1619395265.7242,49125.5,0.031,Sell
1619395265.7805,49126.0,0.021,Buy
1619395266.4306,49118.5,0.005,Sell
1619395266.4306,49120.0,0.001,Sell
1619395266.4416,49119.5,0.006,Sell
1619395266.6963,49112.0,0.1,Sell
1619395266.9774,49112.0,0.1,Sell
1619395266.9994,49112.0,0.25,Sell
1619395267.3542,49112.5,0.203,Buy
1619395267.5908,49112.0,0.007,Sell
1619395267.6084,49112.0,0.05,Sell
1619395267.6973,49112.0,4.8,Sell
1619395267.6973,49112.0,8.593,Sell
1619395267.6973,49112.0,1.2,Sell
1619395267.6973,49112.0,0.64,Sell
1619395267.6973,49112.0,4.127,Sell
1619395267.6973,49112.0,0.64,Sell
1619395267.7625,49112.5,5.763,Buy
1619395267.7625,49112.5,0.07,Buy
1619395267.8005,49132.5,1.0,Buy
1619395268.6701,49142.0,0.117,Buy
1619395268.7367,49141.5,0.012,Sell
1619395268.7549,49128.0,0.01,Sell
1619395269.2289,49129.5,0.03,Sell
1619395269.274,49129.5,0.005,Sell
1619395269.5298,49130.0,0.005,Buy
1619395269.5298,49130.0,0.005,Buy
1619395270.0236,49129.5,0.028,Sell
1619395270.2075,49129.5,0.136,Sell
1619395271.0124,49130.0,0.15,Buy
1619395272.4584,49129.5,0.015,Sell
1619395272.5134,49129.5,0.883,Sell
1619395272.5134,49129.5,0.06,Sell
1619395272.5134,49129.5,0.055,Sell
1619395272.7824,49130.0,0.01,Buy
1619395272.7824,49130.0,0.035,Buy
1619395272.9806,49129.5,0.001,Sell
1619395274.1447,49129.5,0.09,Sell
1619395274.5421,49129.5,1.0,Sell
1619395274.8114,49129.5,0.01,Sell
1619395275.3155,49129.5,0.102,Sell
1619395275.3561,49129.5,0.005,Sell
1619395275.4101,49129.5,0.02,Sell
1619395275.9851,49130.0,0.026,Buy
1619395276.0739,49129.5,0.03,Sell
1619395276.4879,49129.5,0.071,Sell
1619395276.9877,49129.5,0.014,Sell
1619395277.7383,49129.5,0.004,Sell
1619395277.7383,49129.5,0.017,Sell
1619395277.7383,49129.5,0.005,Sell
1619395277.7383,49129.5,0.2,Sell
1619395277.7383,49129.5,0.774,Sell
1619395278.8089,49129.5,0.062,Sell
1619395279.992,49129.5,0.033,Sell
1619395279.992,49129.5,0.01,Sell
1619395279.992,49129.5,0.117,Sell
1619395279.992,49129.5,0.981,Sell
1619395280.2994,49129.5,0.1,Sell
1619395281.2019,49129.5,0.14,Sell
1619395281.5961,49133.0,0.009,Buy
1619395281.5961,49130.0,0.064,Buy
1619395281.6089,49156.0,0.029,Buy
1619395281.6089,49133.0,0.001,Buy
1619395282.5669,49159.0,0.1,Sell
1619395282.5669,49159.0,0.035,Sell
1619395282.5669,49159.0,0.865,Sell
1619395284.0211,49159.5,0.869,Buy
1619395285.0011,49159.0,0.001,Sell
1619395285.3067,49144.0,0.083,Sell
1619395285.3067,49144.0,0.017,Sell
1619395290.2625,49144.0,0.1,Sell
1619395291.1605,49144.5,0.158,Buy
1619395291.9808,49144.0,0.01,Sell
1619395292.0463,49145.0,0.019,Buy
1619395292.0463,49144.5,0.021,Buy
1619395292.1165,49145.0,0.011,Buy
1619395293.819,49157.0,0.247,Buy
1619395294.554,49156.5,0.1,Sell
1619395295.1464,49156.5,0.25,Sell
1619395295.7805,49145.0,0.005,Buy
1619395296.2342,49145.0,0.127,Buy
1619395297.2495,49144.5,0.005,Sell
1619395297.2569,49145.0,0.226,Buy
1619395298.7938,49144.5,0.5,Buy
1619395298.8304,49144.5,1.0,Buy
1619395299.2684,49144.0,0.1,Sell
1619395300.2457,49144.0,0.423,Sell
1619395300.2996,49135.0,0.009,Sell
1619395302.0158,49129.5,0.007,Buy
1619395302.1458,49129.0,0.1,Sell
1619395302.3403,49129.5,0.007,Buy
1619395302.3403,49129.5,0.063,Buy
1619395303.461,49129.5,0.169,Buy
1619395303.8194,49129.0,0.191,Sell
1619395303.8223,49128.0,2.02,Sell
1619395305.3784,49095.0,0.047,Sell
1619395305.3784,49098.0,0.015,Sell
1619395305.3784,49098.0,0.007,Sell
1619395305.3784,49100.0,0.05,Sell
1619395305.3784,49100.0,0.002,Sell
1619395305.3784,49100.0,0.002,Sell
1619395305.3784,49100.0,0.002,Sell
1619395305.3784,49100.0,0.008,Sell
1619395305.3784,49104.5,0.01,Sell
1619395305.3784,49111.5,0.1,Sell
1619395305.6159,49080.0,0.001,Sell
1619395306.2392,49079.5,0.09,Sell
1619395306.2392,49079.5,0.01,Sell
1619395306.4363,49079.5,0.008,Sell
1619395307.1345,49079.5,0.008,Sell
1619395307.2702,49080.0,5.875,Buy
1619395307.2702,49080.0,0.761,Buy
1619395307.2726,49080.0,0.259,Buy
1619395307.2726,49080.0,2.928,Buy
1619395307.2733,49080.0,3.171,Buy
1619395307.2733,49080.0,0.019,Buy
1619395307.274,49080.0,3.189,Buy
1619395307.2895,49080.0,2.64,Buy
1619395307.2895,49080.0,0.64,Buy
1619395307.2895,49080.0,0.64,Buy
1619395307.2895,49081.0,1.798,Buy
1619395307.336,49086.0,0.1,Buy
1619395307.336,49086.0,0.005,Buy
1619395307.336,49096.0,0.1,Buy
1619395307.336,49097.0,1.25,Buy
1619395307.336,49097.5,2.02,Buy
1619395307.336,49097.5,0.824,Buy
1619395307.336,49098.5,0.629,Buy
1619395307.4608,49111.5,0.1,Buy
1619395307.5057,49128.5,0.069,Buy
1619395307.519,49130.0,0.038,Buy
1619395307.519,49128.5,0.031,Buy
1619395307.5198,49130.0,0.016,Buy
1619395307.5198,49131.0,1.208,Buy
1619395307.5713,49136.0,0.002,Buy
1619395307.6303,49146.0,0.001,Buy
1619395307.6303,49149.5,3.187,Buy
1619395307.6303,49144.0,0.001,Buy
1619395307.6348,49146.0,3.19,Buy
1619395307.6355,49146.0,3.187,Buy
1619395307.6929,49152.5,0.64,Buy
1619395307.7054,49153.0,0.1,Buy
1619395307.7236,49156.5,3.187,Buy
1619395307.7596,49158.5,0.2,Buy
1619395307.7616,49159.0,2.13,Buy
1619395307.7616,49159.0,2.501,Buy
1619395307.7616,49159.0,1.95,Buy
1619395307.7723,49160.0,0.978,Buy
1619395307.7723,49160.0,0.11,Buy
1619395307.7723,49160.0,0.001,Buy
1619395307.7723,49159.5,6.001,Buy
1619395307.7723,49159.5,0.91,Buy
1619395307.7769,49161.0,1.8,Buy
1619395307.8257,49161.5,3.19,Buy
1619395307.83,49161.5,3.187,Buy
1619395307.83,49161.5,1.2,Buy
1619395307.83,49161.5,0.623,Buy
1619395307.9092,49168.5,3.19,Buy
1619395307.9119,49168.5,3.189,Buy
1619395307.9374,49168.0,0.021,Sell
1619395307.9519,49168.5,0.021,Buy
1619395307.9519,49168.5,3.168,Buy
1619395307.9553,49168.5,3.19,Buy
1619395308.0622,49169.0,1.9,Buy
1619395308.0622,49170.0,1.287,Buy
1619395308.3001,49172.0,0.007,Buy
1619395308.3467,49176.0,0.999,Sell
1619395308.3467,49176.0,0.007,Sell
1619395308.3467,49176.0,2.179,Sell
1619395308.3467,49176.0,0.005,Sell
1619395308.4638,49176.0,0.1,Sell
1619395308.5999,49176.5,3.072,Buy
1619395308.5999,49176.5,0.184,Buy
1619395308.6355,49176.5,3.187,Buy
1619395308.6611,49186.0,0.005,Buy
1619395308.6611,49186.0,1.0,Buy
1619395308.7947,49189.0,0.003,Buy
1619395308.836,49189.0,0.339,Buy
1619395309.0298,49188.5,0.2,Sell
1619395309.1786,49189.0,0.077,Buy
1619395309.2829,49189.0,3.11,Buy
1619395309.2829,49189.0,2.697,Buy
1619395309.3938,49189.0,3.187,Buy
1619395309.3938,49189.0,3.19,Buy
1619395309.3938,49189.0,0.492,Buy
1619395309.4133,49189.5,0.986,Sell
1619395309.4762,49194.0,0.001,Buy
1619395310.3427,49199.5,0.001,Sell
1619395310.4497,49199.5,0.005,Sell
1619395310.4497,49199.5,0.002,Sell
1619395310.8445,49200.0,0.001,Buy
1619395312.3433,49199.5,0.005,Sell
1619395312.5393,49200.0,0.022,Buy
1619395312.5393,49200.0,0.009,Buy
1619395312.5394,49200.0,0.143,Buy
1619395312.5394,49200.0,0.1,Buy
1619395312.5394,49200.0,0.005,Buy
1619395312.5394,49200.0,0.002,Buy
1619395312.8337,49199.5,0.03,Sell
1619395313.3873,49200.0,0.107,Buy
1619395313.3873,49200.0,0.002,Buy
1619395313.7395,49200.0,3.188,Buy
1619395313.7395,49200.0,0.301,Buy
1619395313.7735,49200.0,0.018,Buy
1619395314.9356,49200.0,0.071,Buy
1619395314.9656,49199.5,3.152,Sell
1619395315.3702,49167.5,0.1,Sell
1619395315.3702,49167.5,0.1,Sell
1619395315.4305,49160.0,0.001,Sell
1619395315.4305,49159.5,0.026,Sell
1619395315.4305,49155.0,0.1,Sell
1619395315.4305,49154.0,0.1,Sell
1619395315.6175,49146.5,0.493,Buy
1619395315.6315,49146.0,3.189,Sell
1619395315.6315,49146.0,3.187,Sell
1619395316.2569,49135.0,0.007,Sell
1619395316.2569,49134.0,0.001,Sell
1619395317.632,49128.0,0.005,Sell
1619395318.0595,49128.5,2.189,Buy
1619395318.5763,49139.0,0.302,Sell
1619395318.6833,49129.0,0.1,Sell
1619395318.6833,49129.0,0.1,Sell
1619395318.6833,49129.0,0.64,Sell
1619395318.6833,49129.0,0.77,Sell
1619395320.5099,49128.0,0.065,Sell
1619395320.5099,49120.0,0.001,Sell
1619395320.5099,49119.5,1.143,Sell
1619395320.5557,49119.5,1.613,Sell
1619395321.2444,49120.0,0.001,Buy
1619395321.8473,49120.0,1.024,Buy
1619395322.0329,49118.0,0.934,Buy
1619395322.4498,49108.0,0.1,Sell
1619395322.4498,49117.5,0.069,Sell
1619395323.4196,49107.0,0.1,Sell
1619395323.4196,49107.0,0.176,Sell
1619395323.9201,49107.5,0.07,Buy
1619395323.9201,49107.5,0.015,Buy
1619395325.5629,49129.5,0.003,Buy
1619395325.5629,49131.0,0.002,Buy
1619395325.6173,49135.0,0.081,Sell
1619395325.7807,49136.0,1.151,Sell
1619395328.1938,49131.0,0.07,Sell
1619395328.1938,49131.0,0.03,Sell
1619395329.1714,49131.5,0.004,Buy
1619395329.2828,49131.0,0.001,Sell
1619395329.3129,49131.5,0.062,Buy
1619395329.7585,49131.5,0.004,Buy
1619395329.7585,49131.5,0.017,Buy
1619395329.7585,49131.5,0.017,Buy
1619395329.7585,49131.5,0.007,Buy
1619395329.9901,49131.0,0.088,Sell
1619395332.2374,49131.0,0.007,Sell
1619395333.8877,49131.0,0.013,Sell
1619395334.0161,49131.0,0.02,Sell
1619395334.0173,49131.0,0.5,Sell
1619395334.0173,49131.0,0.067,Sell
1619395334.0173,49131.0,0.1,Sell
1619395334.9423,49129.0,0.009,Sell
1619395335.8087,49129.0,0.011,Sell
1619395336.2263,49129.5,0.02,Buy
1619395338.6285,49129.0,0.007,Sell
1619395338.7211,49129.0,0.192,Sell
1619395338.7211,49129.0,0.017,Sell
1619395340.1004,49108.5,0.464,Sell
1619395340.1004,49108.5,0.536,Sell
1619395340.4897,49109.0,0.162,Buy
1619395341.5926,49108.5,0.065,Sell
1619395341.5926,49108.5,0.935,Sell
1619395341.8644,49108.5,0.1,Sell
1619395341.8644,49104.5,0.053,Sell
1619395341.8644,49101.5,0.927,Sell
1619395341.8827,49101.5,0.497,Sell
1619395342.427,49100.0,0.1,Sell
1619395342.436,49090.0,0.001,Sell
1619395342.436,49098.0,0.007,Sell
1619395342.436,49089.5,3.481,Sell
1619395343.8538,49087.5,0.05,Buy
1619395346.1338,49087.5,0.203,Buy
1619395346.2182,49087.0,0.005,Sell
1619395346.5292,49087.5,0.006,Buy
1619395347.2238,49087.0,0.1,Sell
1619395349.4718,49087.0,3.189,Sell
1619395349.5497,49087.0,0.937,Sell
1619395349.5497,49087.0,0.296,Sell
1619395349.5497,49080.0,0.744,Sell
1619395349.5497,49080.0,0.001,Sell
1619395349.5976,49079.0,0.368,Sell
1619395349.624,49079.0,3.19,Sell
1619395351.5366,49073.0,0.001,Sell
1619395352.3181,49062.5,0.012,Sell
1619395352.3181,49062.5,0.066,Sell
1619395352.3269,49062.5,0.127,Sell
1619395352.5734,49062.5,0.06,Sell
1619395352.5734,49062.5,0.342,Sell
1619395352.5734,49062.5,0.031,Sell
1619395353.156,49061.0,0.007,Sell
1619395353.6173,49054.5,0.01,Sell
1619395353.8351,49049.0,0.012,Sell
1619395353.8351,49049.0,0.036,Sell
1619395353.842,49049.0,0.007,Sell
1619395353.8429,49049.0,0.036,Sell
1619395354.1225,49049.0,0.017,Sell
1619395354.1346,49043.0,0.001,Sell
1619395355.1231,49041.0,0.02,Sell
1619395355.2568,49041.5,0.004,Buy
1619395355.4257,49029.5,0.01,Sell
1619395355.4257,49041.0,0.05,Sell
1619395355.4257,49040.0,0.61,Sell
1619395355.4257,49040.0,0.001,Sell
1619395355.874,49025.0,0.02,Sell
1619395356.4383,49024.0,0.007,Sell
1619395356.4383,49023.0,0.028,Sell
1619395357.3508,49025.0,1.79,Sell
1619395357.6552,49025.5,0.017,Buy
1619395358.1856,49029.0,0.005,Sell
1619395358.1856,49029.0,0.06,Sell
1619395358.797,49013.0,0.001,Sell
1619395358.797,49013.0,0.002,Sell
1619395359.1354,49005.5,1.504,Buy
1619395359.1354,49005.5,0.685,Buy
1619395359.1435,49005.0,0.05,Sell
1619395359.1515,49005.0,0.058,Sell
1619395359.8648,49005.0,1.024,Sell
1619395360.9075,49005.0,0.003,Sell
1619395361.5654,49005.0,0.022,Sell
1619395361.9378,49005.0,0.018,Sell
1619395362.4862,49000.0,0.002,Sell
1619395362.4862,49001.0,0.025,Sell
1619395362.4862,49001.0,0.017,Sell
1619395362.4862,49000.0,0.003,Sell
1619395362.4862,49000.0,0.001,Sell
1619395362.4862,49000.0,0.002,Sell
1619395362.4862,49000.0,0.002,Sell
1619395362.4952,48989.0,0.245,Sell
1619395362.6307,48988.0,0.028,Buy
1619395362.6842,48987.5,0.04,Sell
1619395363.1082,48987.5,0.08,Sell
1619395363.1082,48987.5,0.06,Sell
1619395363.1082,48987.5,0.41,Sell
1619395363.1082,48987.5,0.1,Sell
1619395364.3601,48986.0,0.007,Sell
1619395364.4585,48983.5,0.005,Sell
1619395364.4585,48984.0,0.001,Sell
1619395364.4593,48983.5,0.001,Sell
1619395364.4811,48984.0,0.001,Sell
1619395364.5393,48984.0,0.029,Sell
1619395364.6759,48984.0,0.054,Sell
1619395364.7368,48984.5,0.078,Buy
1619395365.1655,48984.0,0.975,Sell
1619395366.8776,48984.0,0.073,Sell
1619395367.7036,48984.0,0.469,Sell
1619395367.7588,48969.5,1.046,Buy
1619395367.7798,48969.0,0.001,Sell
1619395367.7798,48969.0,0.005,Sell
1619395367.7814,48969.0,0.001,Sell
1619395368.4632,48957.5,0.08,Buy
1619395368.4632,48957.5,0.178,Buy
1619395368.4712,48957.5,0.255,Buy
1619395368.4848,48957.5,0.354,Buy
1619395368.5281,48957.5,0.068,Buy
1619395368.5433,48957.5,0.198,Buy
1619395368.7644,48957.5,0.35,Buy
1619395369.1119,48957.0,3.291,Sell
1619395369.5912,48955.5,0.152,Buy
1619395369.5914,48955.5,0.167,Buy
1619395369.6158,48955.5,0.152,Buy
1619395370.3601,48955.0,0.053,Sell
1619395370.4808,48955.0,0.001,Sell
1619395370.4808,48955.0,0.148,Sell
1619395371.333,48954.0,1.382,Sell
1619395371.3969,48953.0,0.001,Sell
1619395371.3969,48953.0,0.014,Sell
1619395371.9955,48950.0,0.41,Sell
1619395372.3231,48953.0,0.079,Sell
1619395373.2398,48953.5,0.07,Buy
1619395373.2398,48953.5,0.017,Buy
1619395373.2398,48953.5,0.017,Buy
1619395373.2398,48953.5,0.07,Buy
1619395373.2398,48953.5,1.08,Buy
1619395373.2398,48953.5,0.2,Buy
1619395373.2398,48953.5,0.64,Buy
1619395373.2398,48953.5,0.64,Buy
1619395373.2398,48953.5,1.838,Buy
1619395373.3738,48955.0,0.07,Buy
1619395373.6857,48955.0,0.03,Buy
1619395373.6857,48957.0,0.022,Buy
1619395375.1594,48973.0,0.248,Sell
1619395375.2216,48973.0,0.143,Sell
1619395375.5533,48973.0,0.025,Sell
1619395376.0387,48958.0,0.01,Sell
1619395376.6522,48949.0,0.007,Sell
1619395376.6522,48957.5,0.046,Sell
1619395376.9774,48939.5,0.067,Sell
1619395380.527,48939.5,0.296,Sell
1619395380.6546,48939.5,0.043,Sell
1619395381.6474,48939.5,0.103,Sell
1619395382.264,48939.5,0.015,Sell
1619395382.6427,48939.5,0.454,Sell
1619395386.4474,48932.0,0.1,Sell
1619395386.884,48918.5,0.01,Sell
1619395387.0905,48919.0,0.513,Buy
1619395387.9213,48912.0,0.007,Sell
1619395387.9213,48908.0,0.045,Sell
1619395387.9213,48910.0,0.001,Sell
1619395387.9213,48912.0,0.002,Sell
1619395387.9379,48912.0,0.01,Sell
1619395387.9379,48912.0,0.015,Sell
1619395388.2443,48912.5,0.034,Buy
1619395388.2602,48912.5,0.036,Buy
1619395388.2602,48912.5,0.084,Buy
1619395388.2674,48912.5,0.01,Buy
1619395388.2788,48912.5,0.091,Buy
1619395389.9237,48915.0,0.03,Buy
1619395390.0563,48914.5,0.017,Sell
1619395390.2167,48906.5,0.005,Sell
1619395390.2167,48906.5,0.006,Sell
1619395390.2185,48906.5,0.006,Sell
1619395390.2898,48906.5,0.524,Sell
1619395390.2898,48906.0,0.001,Sell
1619395390.2898,48905.0,0.006,Sell
1619395390.2898,48905.0,0.03,Sell
1619395390.2898,48900.0,0.002,Sell
1619395390.2898,48900.0,0.002,Sell
1619395390.2898,48900.0,0.009,Sell
1619395390.2898,48900.0,0.439,Sell
1619395390.2898,48900.0,0.1,Sell
1619395390.2898,48899.5,0.843,Sell
1619395390.2898,48900.0,0.003,Sell
1619395390.3252,48900.0,0.003,Buy
1619395390.3259,48899.5,0.272,Sell
1619395390.3358,48899.5,0.007,Sell
1619395390.3361,48899.5,0.012,Sell
1619395390.5501,48899.5,0.349,Sell
1619395390.5501,48899.5,0.64,Sell
1619395390.5501,48899.5,0.011,Sell
1619395390.7615,48899.5,0.005,Sell
1619395391.4742,48899.5,0.001,Sell
1619395392.5524,48899.5,0.12,Sell
1619395394.8859,48899.5,0.048,Sell
1619395394.8859,48899.5,0.003,Sell
1619395395.323,48899.5,0.07,Sell
1619395395.323,48897.5,0.007,Sell
1619395395.3724,48893.5,0.028,Sell
1619395395.3724,48892.0,0.001,Sell
1619395395.3724,48883.0,0.807,Sell
1619395395.3724,48891.5,0.01,Sell
1619395397.4381,48883.0,0.008,Sell
1619395397.736,48881.0,0.001,Sell
1619395397.736,48882.0,0.008,Sell
1619395397.736,48882.5,0.011,Sell
1619395397.9545,48875.0,0.007,Sell
1619395398.1379,48870.5,0.005,Sell
1619395399.2279,48870.5,0.021,Sell
1619395399.3148,48870.5,0.219,Sell
1619395399.6973,48871.0,0.1,Buy
1619395399.7286,48870.5,0.139,Sell
1619395400.3016,48869.5,0.018,Sell
1619395400.3991,48863.0,0.153,Sell
1619395400.695,48861.5,0.247,Sell
1619395401.3171,48858.0,0.008,Sell
1619395401.6852,48858.5,1.585,Sell
1619395401.8664,48858.5,0.002,Sell
1619395402.4108,48858.5,0.012,Sell
1619395402.5695,48858.5,0.009,Sell
1619395402.7113,48858.5,0.071,Sell
1619395403.4554,48858.5,2.189,Sell
1619395404.4485,48855.0,0.053,Sell
1619395404.9198,48855.5,0.017,Buy
1619395404.9198,48855.5,0.187,Buy
1619395405.8862,48855.0,0.126,Sell
1619395407.0056,48855.0,0.028,Sell
1619395407.042,48855.0,0.027,Sell
1619395407.7005,48855.0,0.005,Sell
1619395407.7005,48855.0,0.184,Sell
1619395407.7005,48855.0,0.192,Sell
1619395407.7005,48855.0,0.103,Sell
1619395407.7005,48855.0,0.516,Sell
1619395407.768,48855.0,0.685,Sell
1619395407.8902,48853.0,0.003,Sell
1619395407.8938,48853.0,0.003,Sell
1619395407.8938,48853.0,0.454,Sell
1619395407.9836,48853.0,0.04,Sell
1619395408.6435,48851.5,0.64,Buy
1619395408.6435,48851.5,0.358,Buy
1619395409.7017,48851.0,0.146,Sell
1619395409.8699,48850.0,0.009,Sell
1619395409.8831,48850.0,0.041,Sell
1619395409.8831,48844.0,0.662,Sell
1619395409.8831,48847.5,0.007,Sell
1619395409.8833,48844.0,0.3,Sell
1619395409.8977,48844.0,0.012,Sell
1619395410.5012,48841.0,0.001,Sell
1619395410.5012,48839.0,0.084,Sell
1619395410.5012,48839.5,0.05,Sell
1619395410.5012,48841.0,0.358,Sell
1619395411.6126,48839.0,0.027,Sell
1619395412.3373,48838.0,0.007,Sell
1619395412.3378,48834.0,0.012,Sell
1619395412.8772,48838.0,0.972,Sell
1619395412.8772,48838.0,0.613,Sell
1619395413.5651,48838.0,1.054,Sell
1619395413.9583,48839.0,0.35,Buy
1619395413.9727,48859.5,0.012,Buy
1619395413.9727,48839.0,0.255,Buy
1619395413.9727,48839.5,0.006,Buy
1619395413.9727,48841.5,0.07,Buy
1619395413.9727,48844.5,0.017,Buy
1619395413.9727,48851.0,0.003,Buy
1619395413.9727,48855.5,0.023,Buy
1619395413.9727,48855.5,0.123,Buy
1619395413.9727,48859.0,0.006,Buy
1619395414.3155,48859.0,0.404,Sell
1619395415.0364,48860.0,0.02,Buy
1619395415.3513,48872.0,0.2,Sell
1619395415.5931,48872.0,0.494,Sell
1619395415.6538,48872.0,0.002,Sell
1619395415.882,48872.0,0.02,Sell
1619395416.1428,48872.0,0.251,Sell
1619395417.2317,48872.0,0.007,Sell
1619395418.403,48872.0,0.072,Sell
1619395418.8806,48872.0,0.25,Sell
1619395419.2418,48872.0,0.017,Sell
1619395419.8162,48871.0,0.004,Sell
1619395420.6628,48869.5,0.003,Sell
1619395420.7524,48870.0,0.009,Buy
1619395420.7524,48870.0,0.991,Buy
1619395426.6744,48869.5,0.1,Sell
1619395426.6744,48869.5,0.067,Sell
1619395426.6744,48869.5,0.016,Sell
1619395426.9243,48870.0,0.02,Buy
1619395428.1627,48869.5,0.15,Sell
1619395428.6527,48869.5,0.001,Sell
1619395429.8204,48869.5,0.07,Sell
1619395430.5126,48869.5,0.074,Sell
1619395432.3987,48870.0,0.12,Buy
1619395432.6585,48869.5,0.003,Sell
1619395434.6313,48869.5,0.039,Sell
1619395436.3913,48870.0,0.3,Buy
1619395437.1317,48869.5,0.015,Sell
1619395437.4222,48869.5,0.18,Sell
1619395440.9623,48869.5,0.002,Sell
1619395440.9623,48869.5,0.001,Sell
1619395440.9623,48869.5,0.015,Sell
1619395440.9623,48869.5,1.657,Sell
1619395442.0939,48850.0,0.015,Sell
1619395442.0941,48850.0,0.023,Sell
1619395442.0941,48850.0,0.002,Sell
1619395442.0941,48850.0,0.002,Sell
1619395442.0941,48831.0,0.126,Sell
1619395442.0941,48832.0,0.001,Sell
1619395442.0941,48834.5,0.061,Sell
1619395442.0941,48850.0,0.008,Sell
1619395442.0941,48831.0,0.029,Sell
1619395442.0941,48831.0,0.02,Sell
1619395442.0941,48850.0,0.002,Sell
1619395442.0944,48831.0,0.008,Sell
1619395442.0945,48829.5,0.002,Sell
1619395442.0945,48831.0,0.018,Sell
1619395442.0945,48831.0,0.014,Sell
1619395442.2257,48829.0,0.041,Sell
1619395442.2261,48829.0,0.061,Sell
1619395442.2271,48829.0,0.032,Sell
1619395442.2275,48829.0,0.013,Sell
1619395442.2285,48829.0,0.041,Sell
1619395442.2288,48829.0,0.051,Sell
1619395442.2305,48829.0,0.088,Sell
1619395442.2327,48829.0,0.01,Sell
1619395442.2327,48829.0,0.061,Sell
1619395442.2352,48829.0,0.279,Sell
1619395442.2354,48829.0,0.032,Sell
1619395442.2375,48829.0,0.019,Sell
1619395442.2467,48829.0,0.115,Sell
1619395442.2626,48829.0,0.006,Sell
1619395442.2635,48829.0,0.005,Sell
1619395442.6702,48827.0,0.001,Sell
1619395442.6702,48826.5,0.001,Sell
1619395442.7438,48821.5,0.007,Sell
1619395442.7438,48820.0,0.017,Sell
1619395442.7438,48825.0,0.012,Sell
1619395443.4159,48819.0,0.001,Sell
1619395443.8184,48814.5,0.002,Sell
1619395444.7443,48815.0,0.081,Buy
1619395445.1643,48814.5,0.2,Sell
1619395445.2669,48812.0,0.002,Sell
1619395445.27,48810.5,0.012,Sell
1619395445.6831,48809.5,0.2,Sell
1619395445.9644,48809.0,0.159,Sell
1619395446.7703,48809.0,0.04,Sell
1619395447.2913,48809.0,0.01,Sell
1619395447.4309,48809.0,0.513,Sell
1619395447.6763,48808.0,0.001,Sell
1619395447.6787,48806.0,0.005,Buy
1619395447.6787,48806.0,0.001,Buy
1619395447.6787,48808.5,0.086,Buy
1619395447.9624,48805.5,0.138,Sell
1619395448.2295,48805.5,0.023,Sell
1619395448.875,48805.5,0.1,Sell
1619395448.875,48805.5,0.329,Sell
1619395448.9335,48805.5,0.002,Sell
1619395449.8548,48805.5,0.026,Sell
1619395449.9408,48805.5,0.005,Sell
1619395451.6328,48805.5,0.055,Sell
1619395451.8019,48806.0,6.275,Sell
1619395451.8019,48806.0,8.037,Sell
1619395451.9362,48806.5,0.012,Buy
1619395451.9362,48808.0,0.005,Buy
1619395452.2169,48809.0,0.016,Buy
1619395453.3482,48809.0,0.394,Sell
1619395453.5948,48808.0,1.504,Buy
1619395453.5948,48808.0,0.64,Buy
1619395453.5948,48808.0,1.756,Buy
1619395454.2089,48800.0,0.003,Sell
1619395454.2089,48800.0,0.01,Sell
1619395454.2089,48800.0,0.002,Sell
1619395454.2089,48800.0,0.002,Sell
1619395454.2089,48800.5,0.001,Sell
1619395454.2089,48800.0,0.01,Sell
1619395454.2089,48801.0,0.007,Sell
1619395454.2089,48807.5,0.07,Sell
1619395454.2089,48800.0,0.018,Sell
1619395454.2104,48800.0,0.03,Sell
1619395454.2104,48800.0,0.015,Sell
1619395454.2163,48800.0,0.02,Sell
1619395454.2163,48800.0,0.013,Sell
1619395454.2163,48800.0,0.02,Sell
1619395454.2163,48797.0,0.117,Sell
1619395454.2167,48797.0,0.013,Sell
1619395454.4469,48797.5,0.141,Buy
1619395455.1554,48792.0,0.001,Sell
1619395455.1554,48792.0,0.001,Sell
1619395455.1554,48795.0,0.01,Sell
1619395456.427,48785.5,0.074,Buy
1619395458.5802,48799.5,0.191,Sell
1619395458.8044,48799.5,0.048,Sell
1619395460.3557,48799.5,0.162,Sell
1619395460.567,48799.5,0.141,Sell
1619395460.9067,48797.5,0.025,Sell
1619395460.9067,48799.5,0.174,Sell
1619395461.0881,48796.5,0.904,Sell
1619395463.3562,48789.5,0.1,Sell
1619395463.3562,48788.0,0.135,Sell
1619395463.9029,48778.0,0.312,Sell
1619395463.9029,48780.5,0.11,Sell
1619395463.9029,48780.0,0.5,Sell
1619395463.9029,48778.0,0.078,Sell
1619395464.6913,48778.0,0.2,Sell
1619395464.7906,48778.5,0.64,Buy
1619395464.7906,48778.5,0.337,Buy
1619395465.5571,48778.5,0.01,Buy
1619395465.5644,48778.0,0.141,Sell
1619395465.7396,48778.0,0.02,Sell
1619395466.5568,48778.0,0.004,Sell
1619395467.3151,48778.0,0.066,Sell
1619395467.7304,48778.0,0.267,Sell
1619395467.7304,48778.0,0.733,Sell
1619395468.6959,48781.5,1.0,Sell
1619395468.789,48782.0,0.07,Buy
1619395468.789,48782.0,0.017,Buy
1619395468.789,48782.0,0.162,Buy
1619395468.789,48782.0,0.038,Buy
1619395468.789,48782.0,0.07,Buy
1619395468.789,48788.5,0.001,Buy
1619395468.7963,48788.5,0.099,Buy
1619395468.7963,48788.5,0.08,Buy
1619395468.7976,48788.5,0.1,Buy
1619395468.7976,48789.5,0.05,Buy
1619395468.7976,48793.0,0.1,Buy
1619395468.7976,48788.5,0.008,Buy
1619395468.7979,48793.0,0.35,Buy
1619395468.7979,48793.0,0.35,Buy
1619395468.7986,48793.0,0.253,Buy
1619395468.978,48798.5,0.022,Buy
1619395469.4095,48798.5,0.413,Buy
1619395469.4874,48798.0,0.1,Sell
1619395469.939,48798.0,0.002,Sell
1619395471.5413,48798.0,0.017,Sell
1619395472.0476,48798.5,0.5,Buy
1619395472.5868,48798.0,0.046,Sell
1619395472.6312,48795.0,0.229,Sell
1619395472.6312,48798.0,0.007,Sell
1619395472.6312,48798.0,0.1,Sell
1619395473.9317,48790.0,0.24,Buy
1619395475.9194,48795.0,0.04,Sell
1619395476.0878,48795.5,0.032,Buy
1619395479.4528,48795.0,0.439,Sell
1619395479.4528,48795.0,0.061,Sell
1619395482.0668,48795.0,0.092,Sell
1619395482.0668,48795.0,0.051,Sell
1619395482.596,48795.0,0.01,Sell
1619395482.8245,48795.5,0.016,Buy
1619395483.5887,48795.0,0.009,Sell
1619395483.5887,48795.0,0.012,Sell
1619395483.9155,48795.0,0.005,Sell
1619395483.9155,48793.0,0.01,Sell
1619395485.9282,48787.5,0.01,Buy
1619395486.3487,48784.0,0.083,Sell
1619395486.3487,48784.5,0.1,Sell
1619395486.3487,48787.0,0.24,Sell
1619395486.3487,48785.0,0.03,Sell
1619395486.9547,48783.5,0.022,Sell
1619395486.9547,48779.5,1.978,Sell
1619395487.223,48779.5,0.009,Sell
1619395488.8292,48776.0,0.05,Sell
1619395488.9794,48776.5,0.003,Buy
1619395489.0386,48776.0,0.39,Sell
1619395489.0386,48776.0,0.1,Sell
1619395489.0386,48776.0,0.065,Sell
1619395489.0386,48776.0,1.445,Sell
1619395489.2292,48776.0,0.024,Sell
1619395490.5942,48776.0,0.306,Sell
1619395493.6454,48775.5,0.003,Sell
1619395494.8577,48775.5,0.016,Sell
1619395495.8901,48774.0,0.062,Sell
1619395495.8984,48774.5,0.005,Buy
1619395495.8984,48774.5,0.695,Buy
1619395496.3086,48774.0,0.119,Sell
1619395496.3272,48763.5,0.1,Sell
1619395496.3272,48764.0,0.007,Sell
1619395496.3272,48770.0,0.005,Sell
1619395496.3272,48770.5,0.002,Sell
1619395496.3272,48771.0,0.001,Sell
1619395496.3272,48774.0,0.019,Sell
1619395496.3356,48743.5,0.558,Sell
1619395496.3356,48746.5,0.069,Sell
1619395496.3356,48747.0,0.001,Sell
1619395496.3356,48747.5,0.007,Sell
1619395496.3356,48750.0,0.2,Sell
1619395496.3356,48750.0,0.1,Sell
1619395496.3356,48750.0,0.005,Sell
1619395496.3356,48750.0,0.02,Sell
1619395496.3356,48750.0,0.005,Sell
1619395496.3356,48751.0,0.025,Sell
1619395496.3356,48757.0,0.003,Sell
1619395496.3356,48759.5,0.001,Sell
1619395496.3356,48747.0,0.002,Sell
1619395496.3551,48742.5,0.006,Sell
1619395496.3554,48742.5,0.037,Sell
1619395496.3558,48742.0,0.043,Sell
1619395496.3558,48742.0,0.255,Sell
1619395496.3558,48742.5,0.137,Sell
1619395496.621,48744.0,0.001,Sell
1619395496.6705,48744.5,0.094,Buy
1619395497.196,48734.5,0.001,Sell
1619395497.2024,48732.0,0.291,Sell
1619395497.2024,48734.5,0.009,Sell
1619395497.2035,48732.0,0.024,Sell
1619395497.3349,48732.0,0.004,Sell
1619395498.1909,48731.5,0.001,Sell
1619395498.341,48731.5,0.008,Sell
1619395498.3695,48731.5,0.008,Sell
1619395498.3746,48731.0,0.017,Sell
1619395498.3746,48731.5,0.009,Sell
1619395498.4983,48727.0,0.007,Sell
1619395498.4983,48727.0,0.1,Sell
1619395498.4983,48726.5,0.66,Sell
1619395498.4983,48726.0,2.64,Sell
1619395498.4983,48725.5,2.17,Sell
1619395498.4983,48725.0,4.89,Sell
1619395498.4983,48723.0,0.052,Sell
1619395498.4983,48724.5,0.5,Sell
1619395498.4983,48724.0,4.27,Sell
1619395498.4983,48723.5,2.58,Sell
1619395498.4983,48728.0,4.959,Sell
1619395498.4983,48723.0,0.389,Sell
1619395498.4983,48725.0,0.1,Sell
1619395498.4983,48728.0,2.581,Sell
1619395498.4983,48727.5,0.98,Sell
1619395498.4983,48729.5,1.071,Sell
1619395498.4983,48729.5,2.581,Sell
1619395498.4983,48729.0,2.097,Sell
1619395498.4983,48730.0,2.393,Sell
1619395498.4983,48730.0,0.002,Sell
1619395498.4983,48730.5,7.0,Sell
1619395498.4983,48730.5,1.723,Sell
1619395498.4983,48731.0,0.06,Sell
1619395498.4983,48731.0,0.08,Sell
1619395498.4983,48731.0,0.1,Sell
1619395498.4983,48731.0,0.1,Sell
1619395498.4983,48731.0,0.1,Sell
1619395498.4983,48731.0,7.162,Sell
1619395498.4983,48731.0,0.199,Sell
1619395498.4983,48731.0,6.983,Sell
1619395499.2266,48724.0,0.258,Buy
1619395499.2291,48724.0,0.25,Buy
1619395499.2322,48724.0,0.606,Buy
1619395499.2323,48724.0,0.361,Buy
1619395499.2353,48724.0,0.515,Buy
1619395499.2385,48724.0,0.361,Buy
1619395499.2533,48724.0,0.354,Buy
1619395499.2589,48723.5,0.538,Sell
1619395499.2695,48724.0,0.031,Buy
1619395499.3166,48724.0,6.099,Buy
1619395499.3181,48723.5,0.003,Sell
1619395499.3783,48735.0,0.006,Buy
1619395499.3783,48735.0,0.001,Buy
1619395499.4734,48740.5,0.612,Buy
1619395500.478,48750.5,0.716,Sell
1619395500.478,48749.0,0.63,Sell
1619395500.9008,48753.0,0.254,Buy
1619395500.9008,48752.0,0.001,Buy
1619395500.9083,48753.0,0.606,Buy
1619395500.9139,48773.5,0.047,Buy
1619395500.9139,48765.0,0.06,Buy
1619395500.9139,48773.0,0.04,Buy
1619395500.9139,48774.0,0.092,Buy
1619395500.9174,48774.0,0.361,Buy
1619395500.9218,48774.0,0.357,Buy
1619395500.9231,48774.0,0.211,Buy
1619395500.9231,48776.5,0.007,Buy
1619395500.9231,48779.0,0.1,Buy
1619395500.9231,48779.5,0.012,Buy
1619395500.9231,48779.5,0.02,Buy
1619395500.9241,48779.5,0.08,Buy
1619395500.9241,48783.0,0.42,Buy
1619395500.93,48783.0,0.019,Buy
1619395500.9329,48783.0,0.039,Buy
1619395500.9331,48783.0,0.494,Buy
1619395500.9996,48783.0,0.069,Buy
1619395501.0989,48783.0,0.5,Buy
1619395501.1217,48783.0,0.031,Buy
1619395501.1564,48782.5,0.7,Sell
1619395501.902,48782.5,0.007,Sell
1619395501.9592,48782.5,0.009,Sell
1619395501.9592,48782.5,0.02,Sell
1619395501.9592,48778.0,0.552,Sell
1619395502.1374,48778.0,0.003,Sell
1619395502.211,48778.0,0.012,Sell
1619395502.5261,48778.5,0.002,Buy
1619395502.7092,48778.0,0.001,Sell
1619395502.7461,48778.0,0.1,Sell
1619395504.5728,48780.5,0.214,Buy
1619395504.5728,48778.5,0.017,Buy
1619395504.5728,48778.5,0.017,Buy
1619395504.6372,48781.5,0.065,Buy
1619395504.7196,48781.5,0.005,Sell
1619395504.8667,48781.5,0.05,Sell
1619395504.9654,48781.5,0.082,Sell
1619395506.9219,48785.0,0.247,Buy
1619395506.9219,48783.0,0.257,Buy
1619395506.9219,48782.5,0.004,Buy
1619395506.9219,48785.0,0.002,Buy
1619395506.9237,48785.0,0.297,Buy
1619395506.9354,48785.0,0.26,Buy
1619395506.9389,48785.0,0.067,Buy
1619395506.9389,48785.0,0.281,Buy
1619395506.9401,48788.0,0.063,Buy
1619395506.9401,48785.0,0.01,Buy
1619395506.9401,48785.0,0.192,Buy
1619395507.1855,48788.0,0.271,Buy
1619395507.1881,48788.0,0.354,Buy
1619395507.1904,48788.0,0.002,Buy
1619395507.2063,48788.0,0.142,Buy
1619395507.2756,48788.0,0.034,Buy
1619395507.2977,48788.0,0.518,Buy
1619395507.5194,48795.5,0.07,Buy
1619395507.5328,48796.0,0.001,Buy
1619395507.5328,48795.5,0.03,Buy
1619395507.5328,48800.0,0.036,Buy
1619395508.0717,48800.0,0.131,Buy
1619395508.0717,48800.0,0.002,Buy
1619395508.0717,48800.0,0.048,Buy
1619395508.0717,48800.0,0.003,Buy
1619395508.2169,48800.0,0.002,Buy
1619395508.2382,48800.0,0.067,Buy
1619395508.2761,48801.0,0.007,Buy
1619395508.8523,48806.0,0.1,Buy
1619395509.0061,48805.5,0.012,Sell
1619395509.0061,48805.5,0.031,Sell
1619395509.3373,48806.0,0.024,Buy
1619395509.3373,48820.0,0.02,Buy
1619395509.3373,48820.0,0.056,Buy
1619395509.3966,48820.0,0.055,Buy
1619395509.6088,48820.0,0.011,Buy
1619395510.8392,48819.5,1.685,Sell
1619395510.8392,48819.5,0.012,Sell
1619395510.9304,48820.0,0.242,Buy
1619395510.9304,48832.0,0.001,Buy
1619395510.9304,48837.0,0.1,Buy
1619395510.9304,48837.0,0.157,Buy
1619395511.773,48838.0,0.007,Buy
1619395511.773,48838.0,0.033,Buy
1619395512.9172,48837.5,0.019,Sell
1619395514.3259,48850.0,0.006,Buy
1619395515.2764,48855.0,0.001,Buy
1619395516.9049,48862.0,0.004,Buy
1619395517.1085,48861.5,0.005,Sell
1619395517.1085,48861.5,0.001,Sell
1619395517.1085,48861.5,0.007,Sell
1619395518.2174,48862.0,0.3,Buy
1619395518.9852,48862.0,0.18,Buy
1619395519.4559,48862.0,0.036,Buy
1619395520.1306,48861.5,0.001,Sell
1619395521.6445,48874.5,0.028,Buy
1619395521.6445,48874.5,0.027,Buy
1619395521.6525,48874.0,0.043,Sell
1619395521.6525,48874.0,0.017,Sell
1619395522.4993,48874.0,0.063,Sell
1619395522.4993,48874.0,0.037,Sell
1619395522.5974,48874.0,0.011,Sell
1619395522.9719,48874.0,0.001,Sell
1619395524.5324,48874.5,0.008,Buy
1619395526.9945,48876.0,0.027,Buy
1619395526.9945,48874.5,0.018,Buy
1619395526.9945,48875.0,0.007,Buy
1619395526.9959,48876.0,0.005,Buy
1619395527.0092,48876.0,0.198,Buy
1619395527.0119,48876.0,0.248,Buy
1619395527.0524,48876.0,0.3,Buy
1619395527.0547,48876.0,0.066,Buy
1619395527.0547,48876.0,0.184,Buy
1619395527.0553,48876.0,0.066,Buy
1619395527.0636,48876.0,0.05,Buy
1619395527.0705,48876.0,0.198,Buy
1619395527.0741,48876.0,0.229,Buy
1619395527.0888,48876.0,0.3,Buy
1619395527.0897,48876.0,0.018,Buy
1619395527.0897,48878.0,0.003,Buy
1619395527.1206,48876.5,0.023,Buy
1619395528.3426,48882.0,0.144,Sell
1619395530.5905,48885.5,0.025,Sell
1619395530.7577,48888.0,0.001,Buy
1619395530.7577,48887.5,0.002,Buy
1619395532.2849,48892.0,0.001,Buy
1619395532.2849,48892.0,0.025,Buy
1619395532.2849,48894.0,0.074,Buy
1619395533.9708,48893.5,0.838,Sell
1619395534.1831,48894.0,0.05,Buy
1619395534.7878,48894.0,0.04,Buy
1619395536.3284,48894.0,0.01,Buy
1619395537.3164,48893.5,0.001,Sell
1619395537.7643,48894.0,0.05,Buy
1619395537.7971,48893.5,0.047,Sell
1619395539.435,48893.5,0.656,Sell
1619395540.1699,48894.0,0.143,Buy
1619395542.3294,48894.0,0.272,Buy
1619395542.3632,48894.0,0.081,Buy
1619395542.3632,48894.0,0.29,Buy
1619395542.3658,48894.0,0.228,Buy
1619395542.3772,48894.0,0.025,Buy
1619395542.3809,48900.0,0.002,Buy
1619395542.3809,48900.0,0.002,Buy
1619395542.3809,48900.0,0.001,Buy
1619395542.3809,48897.5,0.001,Buy
1619395542.3809,48894.0,0.241,Buy
1619395542.3809,48900.0,0.003,Buy
1619395542.3826,48900.0,0.02,Buy
1619395542.3826,48900.0,0.047,Buy
1619395542.3853,48911.5,0.161,Buy
1619395542.3853,48911.0,0.01,Buy
1619395542.3853,48903.0,0.023,Buy
1619395542.3853,48901.0,0.001,Buy
1619395542.3853,48900.0,0.016,Buy
1619395542.3853,48900.0,0.153,Buy
1619395542.386,48911.5,0.357,Buy
1619395542.3895,48911.5,0.253,Buy
1619395542.3923,48911.5,0.012,Buy
1619395542.397,48911.5,0.01,Buy
1619395542.416,48917.0,0.155,Buy
1619395542.416,48912.0,0.007,Buy
1619395542.416,48912.0,0.002,Buy
1619395542.416,48914.0,0.063,Buy
1619395542.5482,48917.5,0.35,Buy
1619395542.5554,48917.5,0.023,Buy
1619395544.1101,48907.0,0.009,Buy
1619395544.4186,48908.5,0.001,Sell
1619395549.2013,48918.0,0.1,Buy
1619395550.2438,48917.5,0.216,Sell
1619395550.2438,48917.5,0.02,Sell
1619395550.2438,48917.5,0.033,Sell
1619395550.4834,48918.0,0.024,Buy
1619395553.2415,48918.0,0.133,Buy
1619395553.3182,48918.0,0.088,Buy
1619395554.7825,48918.0,0.001,Buy
1619395554.8292,48918.0,0.006,Buy
1619395554.9021,48917.5,0.065,Sell
1619395554.9055,48918.0,0.01,Buy
1619395554.9582,48918.0,0.01,Buy
1619395554.9764,48918.0,0.01,Buy
1619395554.9878,48918.0,0.042,Buy
1619395554.9878,48930.5,0.053,Buy
1619395555.0558,48930.5,0.01,Buy
1619395555.0655,48930.5,0.01,Buy
1619395555.2504,48930.0,0.012,Sell
1619395556.6924,48938.5,0.001,Sell
1619395558.8854,48938.5,0.054,Sell
1619395559.0308,48939.0,0.079,Buy
1619395559.0308,48939.0,0.121,Buy
1619395559.0308,48939.0,0.055,Buy
1619395559.0308,48944.0,0.245,Buy
1619395560.4187,48949.0,0.007,Buy
1619395561.099,48954.5,0.006,Buy
1619395561.099,48953.0,0.001,Buy
1619395561.2649,48955.0,0.001,Buy
1619395561.2649,48955.0,0.44,Buy
1619395561.2649,48959.0,0.079,Buy
1619395561.9644,48971.5,0.007,Buy
1619395561.9762,48971.0,0.047,Sell
1619395562.4211,48971.5,0.008,Buy
1619395563.4617,48983.5,3.0,Buy
1619395563.5783,48984.0,0.001,Buy
1619395564.0968,48986.0,0.007,Buy
1619395564.0968,48988.0,0.001,Buy
1619395564.8921,48990.0,0.017,Buy
1619395564.8921,48990.0,0.025,Buy
1619395564.8921,48990.0,0.3,Buy
1619395564.8921,48990.0,0.321,Buy
1619395564.8921,48990.0,8.827,Buy
1619395564.8921,48990.0,5.51,Buy
1619395565.0666,48990.0,0.079,Buy
1619395565.0666,48990.0,0.006,Buy
1619395565.0824,48990.0,0.017,Buy
1619395565.2167,48990.0,0.002,Buy
1619395565.7815,48990.0,0.007,Buy
1619395567.5068,48994.5,0.006,Sell
1619395568.1078,48995.0,1.0,Buy
1619395568.1078,49000.0,0.002,Buy
1619395568.1078,49000.0,0.002,Buy
1619395568.1078,49000.0,0.003,Buy
1619395568.1078,49000.0,0.012,Buy
1619395568.1181,48994.5,0.1,Sell
1619395568.119,49000.0,0.006,Buy
1619395568.1192,49000.0,0.123,Buy
1619395569.9273,49000.0,0.046,Buy
1619395569.9273,49000.0,0.2,Buy
1619395569.9273,49000.0,0.005,Buy
1619395570.3957,49000.0,0.587,Buy
1619395570.3957,49000.0,0.3,Buy
1619395570.3957,49000.0,0.012,Buy
1619395570.3957,49000.0,0.101,Buy
1619395570.6946,49001.5,0.25,Buy
1619395573.3876,49001.5,0.155,Buy
1619395573.3876,49001.5,0.007,Buy
1619395573.3876,49004.0,0.165,Buy
1619395574.2778,49006.0,0.26,Buy
1619395574.284,49006.0,0.26,Buy
1619395574.4209,49012.0,0.001,Buy
1619395574.4209,49013.0,0.001,Buy
1619395574.4209,49013.0,0.002,Buy
1619395575.4885,49017.5,0.006,Sell
1619395575.9489,49019.5,0.022,Sell
1619395576.8423,49020.0,0.007,Buy
1619395579.0798,49020.0,0.312,Buy
1619395579.0798,49020.0,0.141,Buy
1619395579.2119,49020.0,0.011,Buy
1619395579.3983,49024.0,0.007,Buy
1619395581.3758,49033.0,1.425,Sell
1619395582.1193,49040.0,0.001,Buy
1619395582.249,49045.5,1.0,Buy
1619395582.8304,49053.0,0.184,Buy
1619395582.8362,49053.0,0.144,Buy
1619395583.3973,49055.0,0.001,Buy
1619395584.0041,49060.5,8.478,Buy
1619395584.0041,49060.5,5.636,Buy
1619395584.0042,49060.5,0.198,Buy
1619395584.3236,49060.5,0.42,Buy
1619395584.3786,49060.5,1.039,Buy
1619395584.4011,49060.0,0.006,Sell
1619395584.7375,49061.0,0.007,Buy
1619395586.1056,49061.5,0.001,Sell
1619395586.3432,49064.5,0.107,Buy
1619395586.4015,49073.0,0.001,Buy
1619395586.4117,49074.0,0.041,Sell
1619395586.4117,49074.0,0.006,Sell
1619395586.4533,49074.0,0.006,Sell
1619395586.4811,49076.0,0.51,Buy
1619395586.4901,49076.0,0.043,Buy
1619395586.5088,49077.0,0.606,Buy
1619395586.5294,49078.5,0.25,Buy
1619395586.5423,49078.5,0.354,Buy
1619395586.5423,49078.5,0.354,Buy
1619395586.5433,49078.5,0.212,Buy
1619395586.5836,49078.5,0.02,Buy
1619395587.0078,49079.0,0.2,Buy
1619395587.0078,49079.5,0.204,Buy
1619395587.1179,49080.0,0.001,Buy
1619395587.1697,49082.0,0.027,Buy
1619395587.2912,49083.5,0.009,Sell
1619395587.558,49084.0,0.149,Buy
1619395587.558,49084.0,0.1,Buy
1619395587.558,49084.0,0.078,Buy
1619395587.558,49084.0,0.1,Buy
1619395587.7763,49088.0,0.001,Buy
1619395588.6527,49096.5,0.12,Buy
1619395588.8357,49098.5,0.034,Buy
1619395588.8357,49098.0,0.007,Buy
1619395588.8491,49097.5,0.208,Sell
1619395589.8793,49099.5,1.0,Buy
1619395590.667,49099.5,0.168,Buy
1619395590.667,49099.5,0.011,Buy
1619395590.8834,49099.5,0.1,Buy
1619395590.8999,49099.5,0.006,Buy
1619395591.0595,49099.5,0.041,Buy
1619395591.441,49099.5,0.252,Buy
1619395591.7314,49099.5,0.007,Buy
1619395591.998,49093.0,0.732,Buy
1619395592.8991,49073.0,0.001,Sell
1619395593.1567,49061.0,0.007,Sell
1619395593.1567,49061.0,0.005,Sell
1619395593.1572,49061.0,0.007,Sell
1619395593.2375,49061.5,0.1,Buy
1619395593.9319,49061.0,0.02,Sell
1619395593.9319,49061.0,0.01,Sell
1619395593.9319,49061.0,0.3,Sell
1619395594.3165,49061.0,0.01,Sell
1619395594.4265,49061.5,0.007,Buy
1619395594.6358,49061.0,0.006,Sell
1619395594.7689,49061.0,0.004,Sell
1619395595.6475,49061.5,0.003,Buy
1619395595.6475,49061.5,0.1,Buy
1619395595.6475,49061.5,0.14,Buy
1619395595.6475,49080.5,0.036,Buy
1619395595.6704,49063.0,0.012,Buy
1619395595.6704,49083.0,0.048,Buy
1619395595.6878,49083.0,0.164,Buy
1619395595.6878,49083.0,0.002,Buy
1619395595.7462,49084.5,0.165,Buy
1619395595.7462,49084.0,0.093,Buy
1619395595.7571,49086.0,0.255,Buy
1619395595.7722,49088.5,0.098,Buy
1619395595.7812,49086.0,0.002,Sell
1619395596.7883,49088.0,0.977,Sell
1619395596.9736,49088.0,0.001,Sell
1619395597.2476,49088.0,1.106,Sell
1619395597.4745,49093.0,0.656,Buy
1619395598.0394,49093.0,0.038,Buy
1619395598.7707,49092.5,0.01,Sell
1619395602.6936,49092.5,0.036,Sell
1619395603.1106,49080.5,0.553,Buy
1619395604.7457,49080.0,0.42,Sell
1619395604.8257,49080.5,0.023,Buy
1619395605.127,49080.5,0.056,Buy
1619395608.1728,49091.5,0.056,Sell
1619395611.0424,49091.5,0.004,Sell
1619395613.6377,49091.0,0.1,Sell
1619395613.6377,49090.0,0.2,Sell
1619395613.9132,49080.5,0.03,Buy
1619395613.9132,49080.5,0.07,Buy
1619395614.0684,49080.0,0.001,Sell
1619395615.737,49080.0,0.079,Sell
1619395615.737,49080.0,0.26,Sell
1619395617.9239,49080.0,0.04,Sell
1619395617.9239,49080.0,0.058,Sell
1619395620.3022,49069.0,0.243,Buy
1619395620.4557,49068.5,0.004,Sell
1619395621.3786,49069.0,0.107,Buy
1619395623.7571,49050.0,0.005,Sell
1619395623.7574,49050.0,0.01,Sell
1619395623.796,49050.0,0.01,Sell
1619395625.5134,49040.0,0.001,Sell
1619395625.5134,49041.5,0.02,Sell
1619395625.5134,49041.5,0.017,Sell
1619395625.5134,49036.0,0.289,Sell
1619395625.5233,49036.0,0.52,Sell
1619395625.5236,49036.0,0.004,Sell
1619395625.6616,49031.0,0.055,Sell
1619395625.6683,49031.0,0.002,Sell
1619395625.7806,49031.5,0.003,Buy
1619395626.6766,49031.0,0.2,Buy
1619395626.7288,49031.0,0.006,Buy
1619395628.6232,49030.5,1.08,Sell
1619395628.6232,49030.5,0.017,Sell
1619395628.6232,49030.5,2.4,Sell
1619395628.6232,49030.5,0.168,Sell
1619395628.6232,49030.5,0.713,Sell
1619395628.8285,49030.5,0.025,Sell
1619395628.8366,49031.0,0.003,Buy
1619395630.4576,49034.0,0.058,Sell
1619395631.0819,49024.0,0.005,Sell
1619395631.0819,49024.0,0.007,Sell
1619395631.0834,49024.0,0.007,Sell
1619395631.8245,49019.5,0.007,Sell
1619395631.8245,49024.0,0.017,Sell
1619395631.8245,49024.0,0.02,Sell
1619395631.8245,49020.5,0.004,Sell
1619395631.8245,49016.5,0.095,Sell
1619395632.5184,49013.0,0.001,Sell
1619395632.5184,49013.0,0.002,Sell
1619395634.904,49013.0,0.061,Sell
1619395634.904,49013.0,0.02,Sell
1619395634.904,49013.0,0.098,Sell
1619395636.582,49013.0,0.039,Sell
1619395636.582,49013.0,0.211,Sell
1619395637.7039,49013.0,0.1,Sell
1619395637.8201,49013.5,0.015,Buy
1619395638.3459,49033.5,0.017,Buy
1619395641.0179,49047.5,0.008,Sell
1619395641.4813,49060.5,0.027,Buy
1619395641.8015,49061.0,0.007,Buy
1619395641.8211,49071.5,0.036,Buy
1619395641.8211,49070.0,0.001,Buy
1619395642.2861,49069.5,0.005,Sell
1619395642.5571,49073.0,0.001,Buy
1619395643.1599,49077.5,0.1,Buy
1619395643.6675,49077.0,0.002,Sell
1619395644.5965,49080.0,0.001,Buy
1619395647.7324,49081.0,0.165,Buy
1619395647.7324,49081.0,0.008,Buy
1619395650.021,49059.0,0.002,Sell
1619395650.0419,49059.5,0.05,Buy
1619395650.7022,49059.5,0.004,Buy
1619395653.8582,49059.5,0.012,Buy
1619395654.1222,49071.5,0.2,Sell
1619395656.6774,49059.0,0.118,Sell
1619395657.569,49047.5,0.07,Buy
1619395657.6014,49047.5,0.023,Buy
1619395657.6019,49047.5,0.007,Buy
1619395657.748,49059.5,0.041,Buy
1619395657.7482,49059.5,0.029,Buy
1619395657.7482,49079.0,0.041,Buy
1619395657.9781,49080.0,0.006,Buy
1619395657.9945,49080.0,0.006,Buy
1619395658.0076,49080.0,0.003,Buy
1619395658.1095,49080.0,0.017,Buy
1619395658.2873,49080.0,0.066,Buy
1619395658.3586,49080.0,0.006,Buy
1619395658.3727,49080.0,0.001,Buy
1619395658.3871,49080.0,0.001,Buy
1619395658.4008,49080.0,0.002,Buy
1619395658.4146,49080.0,0.002,Buy
1619395658.4214,49080.0,0.018,Buy
1619395658.4363,49080.0,0.006,Buy
1619395658.4521,49080.0,0.002,Buy
1619395658.4522,49080.0,0.012,Buy
1619395658.4654,49080.0,0.012,Buy
1619395658.4716,49080.0,0.004,Buy
1619395658.474,49080.0,0.002,Buy
1619395658.4841,49080.0,0.018,Buy
1619395658.4905,49080.0,0.006,Buy
1619395658.494,49080.0,0.026,Buy
1619395658.5106,49080.0,0.005,Buy
1619395658.517,49080.0,0.006,Buy
1619395658.5215,49080.0,0.004,Buy
1619395658.5316,49080.0,0.018,Buy
1619395658.5537,49080.0,0.004,Buy
1619395658.5691,49080.0,0.006,Buy
1619395658.5863,49080.0,0.012,Buy
1619395658.6006,49080.0,0.075,Buy
1619395658.6033,49080.0,0.012,Buy
1619395658.6179,49080.0,0.003,Buy
1619395658.6297,49080.0,0.002,Buy
1619395658.6575,49080.0,0.002,Buy
1619395658.683,49080.0,0.006,Buy
1619395658.6842,49080.0,0.012,Buy
1619395658.6935,49080.0,0.006,Buy
1619395658.7053,49080.0,0.012,Buy
1619395658.7263,49080.0,0.006,Buy
1619395658.7415,49080.0,0.061,Buy
1619395658.7421,49079.5,0.002,Sell
1619395658.7451,49080.0,0.006,Buy
1619395658.7602,49080.0,0.012,Buy
1619395658.7747,49080.0,0.006,Buy
1619395658.7871,49080.0,0.006,Buy
1619395658.8057,49080.0,0.001,Buy
1619395658.8282,49080.0,0.006,Buy
1619395658.8455,49080.0,0.002,Buy
1619395658.8615,49080.0,0.012,Buy
1619395658.8787,49080.0,0.012,Buy
1619395658.8977,49080.0,0.004,Buy
1619395658.9074,49080.0,0.006,Buy
1619395658.9233,49080.0,0.006,Buy
1619395658.9471,49080.0,0.004,Buy
1619395658.9617,49080.0,0.004,Buy
1619395658.9735,49080.0,0.006,Buy
1619395658.9887,49080.0,0.002,Buy
1619395659.0056,49080.0,0.012,Buy
1619395659.0191,49080.0,0.006,Buy
1619395659.0492,49080.0,0.006,Buy
1619395659.056,49080.0,0.006,Buy
1619395659.0853,49080.0,0.002,Buy
1619395659.0944,49080.0,0.004,Buy
1619395659.1113,49080.0,0.001,Buy
1619395659.1249,49080.0,0.006,Buy
1619395659.1337,49080.0,0.005,Buy
1619395659.1511,49080.0,0.006,Buy
1619395659.1518,49080.0,0.004,Buy
1619395659.1624,49080.0,0.002,Buy
1619395659.179,49080.0,0.002,Buy
1619395659.2014,49080.0,0.012,Buy
1619395659.2129,49080.0,0.012,Buy
1619395659.2245,49080.0,0.006,Buy
1619395659.24,49080.0,0.012,Buy
1619395659.2633,49080.0,0.012,Buy
1619395659.2783,49080.0,0.006,Buy
1619395659.2871,49080.0,0.012,Buy
1619395659.3021,49080.0,0.024,Buy
1619395659.3186,49080.0,0.006,Buy
1619395659.3339,49080.0,0.005,Buy
1619395659.3561,49080.0,0.006,Buy
1619395659.3718,49080.0,0.008,Buy
1619395659.3873,49080.0,0.012,Buy
1619395659.4041,49080.0,0.004,Buy
1619395659.4225,49080.0,0.001,Buy
1619395659.433,49080.0,0.016,Buy
1619395659.4491,49080.0,0.012,Buy
1619395659.4625,49080.0,0.012,Buy
1619395659.4792,49080.0,0.008,Buy
1619395659.4899,49080.0,0.004,Buy
1619395659.5062,49080.0,0.012,Buy
1619395659.5183,49080.0,0.009,Buy
1619395659.5387,49080.0,0.003,Buy
1619395659.56,49080.0,0.002,Buy
1619395660.5689,49080.0,0.002,Buy
1619395660.7507,49080.0,0.037,Buy
1619395660.7575,49080.0,0.013,Buy
1619395661.2885,49080.0,0.3,Buy
1619395661.7682,49079.5,0.1,Sell
1619395662.3411,49080.0,0.003,Buy
1619395662.4477,49080.0,0.091,Buy
1619395662.5292,49080.0,0.006,Buy
1619395662.6211,49080.0,0.001,Buy
1619395662.6214,49080.0,0.002,Buy
1619395667.0152,49080.0,0.024,Buy
1619395668.1766,49085.0,0.05,Buy
1619395668.1766,49081.0,0.005,Buy
1619395668.1766,49091.5,0.146,Buy
1619395668.1766,49092.0,0.004,Buy
1619395668.1766,49092.0,0.005,Buy
1619395668.1766,49092.0,0.003,Buy
1619395668.1766,49094.0,0.345,Buy
1619395668.1766,49080.0,0.003,Buy
1619395668.1766,49080.0,1.68,Buy
1619395668.1766,49082.5,0.098,Buy
1619395668.1766,49091.5,0.015,Buy
1619395668.186,49079.5,0.047,Sell
1619395668.186,49090.0,0.003,Sell
1619395668.4535,49094.0,0.101,Buy
1619395671.2915,49094.0,0.143,Buy
1619395671.5923,49093.5,0.015,Sell
1619395671.6515,49093.5,0.015,Sell
1619395671.6515,49093.5,0.143,Sell
1619395671.6515,49093.5,0.74,Sell
1619395671.6515,49093.5,0.1,Sell
1619395671.6515,49093.5,0.002,Sell
1619395671.9891,49093.5,0.013,Sell
1619395672.2749,49094.0,0.003,Buy
1619395672.7402,49093.5,0.1,Sell
1619395673.0166,49094.0,0.013,Buy
1619395673.0761,49098.0,0.007,Buy
1619395673.424,49100.0,0.002,Buy
1619395673.424,49100.0,0.002,Buy
1619395673.4356,49099.5,0.007,Sell
1619395673.4356,49099.5,0.008,Sell
1619395673.4356,49099.5,0.005,Sell
1619395673.6063,49100.0,0.003,Buy
1619395673.6063,49100.0,0.2,Buy
1619395673.6063,49100.0,0.002,Buy
1619395673.6063,49100.0,0.055,Buy
1619395673.6114,49114.0,0.002,Buy
1619395673.6114,49100.0,0.043,Buy
1619395673.6114,49100.0,0.315,Buy
1619395673.6114,49100.0,0.009,Buy
1619395673.6114,49100.0,0.005,Buy
1619395673.6114,49100.0,0.027,Buy
1619395673.6114,49100.0,0.005,Buy
1619395673.6114,49100.0,0.005,Buy
1619395673.6114,49100.0,0.015,Buy
1619395673.6114,49100.0,0.01,Buy
1619395673.6114,49102.0,0.001,Buy
1619395673.6114,49115.0,0.175,Buy
1619395673.6195,49115.0,0.445,Buy
1619395673.6195,49115.0,0.065,Buy
1619395673.6195,49115.0,0.26,Buy
1619395673.6229,49115.0,0.354,Buy
1619395673.6234,49099.5,0.148,Sell
1619395673.6247,49115.0,0.509,Buy
1619395673.6247,49115.0,0.1,Buy
1619395673.6247,49115.0,0.391,Buy
1619395673.6267,49116.5,0.35,Buy
1619395674.9192,49116.5,0.025,Sell
1619395675.2495,49117.0,0.776,Buy
1619395675.2495,49117.0,0.058,Buy
1619395675.2495,49117.0,0.012,Buy
1619395675.5967,49117.0,0.017,Buy
1619395675.5967,49120.0,0.001,Buy
1619395675.6234,49126.0,0.001,Buy
1619395676.0847,49127.5,0.015,Sell
1619395676.2499,49127.5,0.005,Sell
1619395677.2705,49130.0,0.052,Buy
1619395677.2705,49134.0,0.001,Buy
1619395677.2705,49135.0,0.007,Buy
1619395677.2705,49136.0,0.042,Buy
1619395677.72,49136.0,0.001,Buy
1619395677.7979,49136.0,0.106,Buy
1619395678.118,49136.0,0.275,Buy
1619395678.7186,49137.0,0.001,Buy
1619395678.7186,49136.0,0.576,Buy
1619395678.7782,49149.5,0.012,Buy
1619395679.0318,49150.0,0.005,Buy
1619395679.0318,49150.0,0.01,Buy
1619395679.0318,49155.0,0.001,Buy
1619395679.0318,49157.0,0.274,Buy
1619395679.0318,49150.0,0.71,Buy
1619395679.0393,49157.0,0.047,Buy
1619395679.8209,49157.0,0.007,Buy
1619395680.1718,49163.5,0.008,Buy
1619395680.1718,49157.0,0.573,Buy
1619395680.1718,49160.0,0.001,Buy
1619395680.1718,49165.0,0.13,Buy
1619395680.1718,49157.0,0.288,Buy
1619395680.5346,49164.5,0.017,Buy
1619395681.383,49165.0,0.009,Buy
1619395683.1914,49165.0,0.029,Buy
1619395683.1914,49165.0,0.071,Buy
1619395683.674,49165.0,0.003,Buy
1619395684.0972,49147.5,0.02,Sell
1619395684.6082,49131.5,0.001,Buy
1619395685.233,49131.0,0.004,Sell
1619395687.444,49120.5,0.024,Buy
1619395687.444,49120.5,0.017,Buy
1619395687.8948,49120.0,0.079,Sell
1619395687.8948,49120.0,0.02,Sell
1619395687.8948,49120.0,0.001,Sell
1619395688.4035,49120.0,0.021,Sell
1619395688.4035,49120.0,0.229,Sell
1619395688.9642,49120.0,0.498,Sell
1619395691.4329,49120.5,0.045,Buy
1619395691.9298,49120.0,0.484,Sell
1619395694.1891,49120.0,0.015,Sell
1619395694.3743,49120.0,0.017,Sell
1619395696.07,49120.0,0.083,Sell
1619395696.07,49120.0,0.017,Sell
1619395697.1286,49120.5,0.081,Buy
1619395697.1286,49120.5,0.001,Buy
1619395697.1286,49120.5,0.118,Buy
1619395697.7741,49120.5,0.07,Buy
1619395697.7813,49120.5,0.023,Buy
1619395697.7845,49120.5,0.023,Buy
1619395697.7895,49130.0,0.021,Buy
1619395697.7895,49120.5,0.002,Buy
1619395697.7929,49130.0,0.023,Buy
1619395698.1835,49129.5,0.093,Sell
1619395698.1835,49129.5,0.007,Sell
1619395698.3329,49130.0,0.085,Buy
1619395698.3674,49156.0,0.007,Buy
1619395701.1894,49155.5,0.007,Sell
1619395707.6464,49155.5,0.377,Sell
1619395707.6464,49155.5,0.1,Sell
1619395707.6464,49155.5,0.003,Sell
1619395707.6464,49155.5,0.02,Sell
1619395709.7924,49156.0,0.307,Buy
1619395709.8423,49160.0,0.001,Buy
1619395709.8423,49165.0,0.232,Buy
1619395709.8645,49165.0,0.153,Buy
1619395709.8645,49165.5,0.093,Buy
1619395709.9162,49166.0,0.001,Buy
1619395709.9162,49165.5,0.007,Buy
1619395709.9162,49165.5,0.005,Buy
1619395709.9604,49168.0,0.009,Buy
1619395709.9736,49168.0,0.072,Buy
1619395709.9736,49175.0,0.001,Buy
1619395709.9736,49177.0,0.001,Buy
1619395709.9736,49186.0,0.076,Buy
1619395709.9736,49172.0,0.007,Buy
1619395709.9978,49186.0,0.005,Buy
1619395710.0007,49186.0,0.162,Buy
1619395710.3366,49173.5,0.02,Sell
1619395710.356,49171.5,0.025,Sell
1619395711.5887,49169.5,0.133,Sell
1619395713.3876,49170.0,0.008,Buy
1619395713.6105,49170.0,0.059,Buy
1619395713.6105,49170.0,0.226,Buy
1619395713.6105,49170.0,0.074,Buy
1619395713.6105,49170.0,0.125,Buy
1619395713.6105,49170.0,0.565,Buy
1619395713.6105,49170.0,0.017,Buy
1619395715.1018,49170.5,0.03,Buy
1619395715.8581,49170.0,0.005,Sell
1619395718.9652,49170.5,0.138,Buy
1619395719.057,49170.5,0.367,Buy
1619395721.2026,49170.0,0.054,Sell
1619395722.3972,49170.0,0.315,Sell
1619395722.4204,49170.0,0.135,Sell
1619395722.4226,49170.0,0.521,Sell
1619395722.4407,49164.5,0.05,Sell
1619395722.5573,49150.0,0.01,Sell
1619395722.567,49142.0,0.005,Sell
1619395722.7503,49142.0,0.1,Sell
1619395723.5871,49142.5,1.013,Buy
1619395724.5559,49142.5,0.017,Buy
1619395726.5844,49150.0,0.091,Buy
1619395726.5844,49150.0,0.212,Buy
1619395726.9657,49149.5,0.1,Sell
1619395728.6989,49150.0,0.008,Buy
1619395729.2532,49149.5,0.015,Sell
1619395731.1648,49142.5,0.431,Sell
1619395731.1648,49149.5,0.5,Sell
1619395731.1648,49149.5,0.082,Sell
1619395732.0552,49134.0,0.001,Sell
1619395732.0552,49135.0,0.007,Sell
1619395732.1103,49125.5,0.002,Buy
1619395732.4408,49125.5,0.485,Buy
1619395732.6899,49125.0,0.156,Sell
1619395733.5065,49125.5,0.118,Buy
1619395733.7572,49135.0,0.782,Sell
1619395733.8081,49135.5,0.007,Buy
1619395735.7639,49135.0,0.115,Sell
1619395740.6187,49143.5,0.005,Buy
1619395740.6187,49143.5,0.002,Buy
1619395740.6189,49143.5,0.002,Buy
1619395740.6405,49143.5,0.007,Buy
1619395740.6405,49143.5,0.002,Buy
1619395740.8321,49143.0,1.631,Sell
1619395741.1577,49143.0,0.005,Sell
1619395741.2091,49143.0,0.006,Sell
1619395743.7361,49148.5,0.024,Sell
1619395744.1036,49149.5,0.007,Buy
1619395744.1563,49150.0,0.006,Buy
1619395744.1563,49150.0,0.015,Buy
1619395745.4365,49151.0,0.001,Buy
1619395746.0778,49159.5,0.001,Buy
1619395747.2851,49169.5,0.005,Sell
1619395748.834,49170.5,0.036,Buy
1619395750.302,49170.5,0.007,Buy
1619395751.3401,49170.5,0.026,Buy
1619395751.3605,49170.5,0.002,Buy
1619395751.379,49172.0,0.007,Buy
1619395751.4071,49172.5,0.015,Buy
1619395751.43,49186.0,0.025,Buy
1619395751.6803,49186.0,0.025,Buy
1619395751.6876,49186.0,0.025,Buy
1619395751.6975,49186.0,0.025,Buy
1619395752.0146,49185.5,0.005,Sell
1619395753.397,49185.5,0.014,Sell
1619395753.4322,49185.5,0.01,Sell
1619395755.3243,49186.0,0.657,Buy
1619395755.3966,49188.0,0.001,Buy
1619395755.3966,49194.0,0.001,Buy
1619395755.3966,49195.0,0.01,Buy
1619395755.407,49200.0,0.002,Buy
1619395755.407,49200.0,0.002,Buy
1619395755.407,49200.0,0.08,Buy
1619395755.407,49200.0,0.061,Buy
1619395755.407,49200.0,0.001,Buy
1619395755.4176,49200.0,0.019,Buy
1619395755.4176,49200.0,0.003,Buy
1619395755.4176,49200.0,0.178,Buy
1619395755.4181,49200.0,0.003,Buy
1619395756.8605,49201.0,0.002,Buy
1619395756.8605,49200.0,0.019,Buy
1619395756.8605,49200.0,0.033,Buy
1619395756.8605,49208.0,0.021,Buy
1619395756.8605,49200.0,0.035,Buy
1619395756.8605,49200.0,0.005,Buy
1619395756.8605,49200.0,0.01,Buy
1619395756.8605,49200.0,0.082,Buy
1619395756.8605,49200.0,0.05,Buy
1619395756.8605,49200.0,0.02,Buy
1619395756.8605,49200.0,0.015,Buy
1619395756.8605,49205.5,0.1,Buy
1619395756.8605,49200.5,0.015,Buy
1619395756.8605,49202.0,0.001,Buy
1619395758.2399,49208.0,0.015,Buy
1619395758.3183,49208.0,0.132,Buy
1619395758.8533,49210.0,0.01,Buy
1619395758.8533,49210.0,0.007,Buy
1619395758.8533,49208.0,0.332,Buy
1619395758.8692,49213.5,0.004,Buy
1619395758.8692,49214.0,0.002,Buy
1619395758.8692,49214.0,0.095,Buy
1619395758.8921,49214.0,0.003,Buy
1619395759.0919,49214.0,0.048,Buy
1619395759.241,49214.0,0.048,Buy
1619395759.3266,49220.5,0.015,Buy
1619395759.3266,49216.0,0.001,Buy
1619395759.3266,49223.0,0.119,Buy
1619395759.3269,49223.0,0.201,Buy
1619395759.3269,49223.0,0.094,Buy
1619395759.4272,49223.0,0.021,Buy
1619395759.5474,49223.0,0.024,Buy
1619395759.5615,49223.0,0.2,Buy
1619395759.5753,49223.0,0.159,Buy
1619395759.6428,49223.0,0.182,Buy
1619395759.6428,49227.0,0.076,Buy
1619395759.6476,49227.0,0.01,Buy
1619395759.6627,49249.0,0.001,Buy
1619395759.6627,49244.5,0.004,Buy
1619395759.6627,49240.0,0.001,Buy
1619395759.6627,49233.0,0.001,Buy
1619395759.6627,49239.0,0.008,Buy
1619395759.6627,49235.0,0.01,Buy
1619395759.6627,49227.0,0.064,Buy
1619395759.6627,49247.0,0.007,Buy
1619395759.6627,49231.0,0.001,Buy
1619395759.6627,49230.0,0.003,Buy
1619395759.6714,49249.0,0.009,Buy
1619395759.6714,49250.0,0.001,Buy
1619395759.6716,49250.0,0.02,Buy
1619395759.6716,49250.5,0.005,Buy
1619395759.6716,49254.5,0.03,Buy
1619395759.6716,49250.0,0.527,Buy
1619395759.6716,49250.0,0.005,Buy
1619395759.6716,49250.0,0.088,Buy
1619395759.6716,49250.0,0.016,Buy
1619395759.6716,49250.0,0.02,Buy
1619395759.6817,49254.5,0.08,Buy
1619395759.6853,49254.5,0.021,Buy
1619395759.6853,49254.5,0.05,Buy
1619395759.6853,49254.5,0.027,Buy
1619395759.6925,49254.5,0.016,Buy
1619395759.7052,49254.5,0.01,Buy
1619395759.7088,49254.5,0.01,Buy
1619395759.7093,49254.5,0.01,Buy
1619395759.7168,49255.0,0.001,Buy
1619395759.7168,49260.0,0.009,Buy
1619395759.7303,49262.0,0.082,Buy
1619395759.7303,49260.0,0.001,Buy
1619395759.7326,49262.0,0.098,Buy
1619395759.7326,49264.0,0.009,Buy
1619395759.7326,49264.5,0.001,Buy
1619395759.7445,49265.0,0.01,Buy
1619395759.7445,49265.0,0.001,Buy
1619395759.7445,49266.0,0.067,Buy
1619395759.7445,49266.5,0.001,Buy
1619395759.7445,49272.0,0.1,Buy
1619395759.7445,49272.0,0.071,Buy
1619395759.7446,49272.0,0.015,Buy
1619395759.7447,49272.0,0.003,Buy
1619395759.7505,49272.0,0.115,Buy
1619395759.7589,49264.5,0.02,Sell
1619395759.7589,49274.5,0.05,Buy
1619395759.7589,49264.5,0.005,Sell
1619395759.7589,49274.0,0.1,Buy
1619395759.759,49274.5,0.05,Buy
1619395759.759,49275.0,0.003,Buy
1619395759.759,49265.0,0.038,Buy
1619395759.759,49275.0,0.05,Buy
1619395759.759,49275.0,0.05,Buy
1619395759.7602,49275.0,0.015,Buy
1619395759.7616,49275.0,0.05,Buy
1619395759.7616,49275.5,0.123,Buy
1619395759.7616,49275.0,0.006,Buy
1619395759.7616,49275.0,0.05,Buy
1619395759.7616,49275.0,0.032,Buy
1619395759.7656,49273.0,0.091,Buy
1619395759.771,49273.0,0.184,Buy
1619395759.7748,49264.5,0.101,Sell
1619395759.7932,49271.0,0.672,Buy
1619395760.3026,49277.5,0.01,Buy
1619395760.3026,49280.0,0.001,Buy
1619395760.3026,49280.0,0.004,Buy
1619395760.3026,49282.5,0.392,Buy
1619395760.3026,49277.5,0.093,Buy
1619395760.3129,49282.5,0.084,Buy
1619395760.3208,49282.5,0.015,Buy
1619395760.3326,49283.5,0.073,Buy
1619395760.3326,49284.0,0.01,Buy
1619395760.3326,49284.5,0.021,Buy
1619395760.3326,49284.0,0.007,Buy
1619395760.3528,49282.5,0.115,Buy
1619395760.3528,49284.5,0.249,Buy
1619395760.5661,49284.5,0.001,Sell
1619395761.7546,49285.0,0.1,Buy
1619395761.7963,49290.0,0.001,Buy
1619395761.7963,49285.0,0.011,Buy
1619395761.7963,49290.5,0.004,Buy
1619395761.8038,49292.0,0.001,Buy
1619395761.8038,49292.0,0.012,Buy
1619395762.1488,49292.0,0.187,Buy
1619395762.1488,49292.0,0.025,Buy
1619395762.3106,49293.0,0.1,Buy
1619395762.3106,49295.5,0.16,Buy
1619395762.3194,49291.5,0.005,Sell
1619395762.3194,49291.5,0.224,Sell
1619395762.3202,49292.0,0.5,Buy
1619395762.3634,49292.0,0.111,Buy
1619395762.3703,49292.0,3.264,Buy
1619395762.3828,49299.0,0.05,Buy
1619395762.3828,49296.0,0.001,Buy
1619395762.3828,49296.0,0.1,Buy
1619395762.3828,49295.5,0.04,Buy
1619395762.3828,49300.0,0.01,Buy
1619395762.3828,49300.0,0.025,Buy
1619395762.3828,49300.0,0.002,Buy
1619395762.3828,49300.0,0.002,Buy
1619395762.3828,49299.0,0.005,Buy
1619395762.3828,49296.0,0.001,Buy
1619395762.3828,49300.0,0.002,Buy
1619395762.3828,49300.0,0.03,Buy
1619395762.3828,49300.0,0.119,Buy
1619395762.3828,49300.0,0.003,Buy
1619395762.3828,49300.0,0.242,Buy
1619395762.3828,49300.0,0.02,Buy
1619395762.3828,49300.0,0.044,Buy
1619395762.3828,49300.0,0.02,Buy
1619395762.3828,49300.0,0.1,Buy
1619395762.3828,49300.0,0.003,Buy
1619395762.3828,49300.0,0.008,Buy
1619395762.3828,49299.5,0.05,Buy
1619395762.3828,49300.0,0.01,Buy
1619395762.3828,49299.5,0.64,Buy
1619395762.3924,49292.5,0.009,Sell
1619395762.3926,49300.0,0.008,Buy
1619395762.393,49300.5,0.005,Buy
1619395762.393,49300.0,0.2,Buy
1619395762.393,49300.0,0.084,Buy
1619395762.393,49300.0,0.008,Buy
1619395762.393,49300.0,0.002,Buy
1619395762.393,49302.0,0.002,Buy
1619395762.393,49301.0,0.001,Buy
1619395762.393,49300.0,0.095,Buy
1619395762.393,49300.0,0.03,Buy
1619395762.393,49300.0,0.25,Buy
1619395762.393,49300.0,0.002,Buy
1619395762.393,49300.0,0.021,Buy
1619395762.3931,49303.5,0.314,Buy
1619395762.3931,49303.5,0.01,Buy
1619395762.3936,49303.5,0.283,Buy
1619395762.3936,49303.5,0.858,Buy
1619395762.3936,49303.5,0.088,Buy
1619395762.3936,49303.5,0.03,Buy
1619395762.4035,49310.0,0.1,Buy
1619395762.4035,49310.0,0.041,Buy
1619395762.4035,49311.0,0.01,Buy
1619395762.4035,49305.5,0.001,Buy
1619395762.4035,49304.0,0.001,Buy
1619395762.4035,49304.0,0.1,Buy
1619395762.4035,49309.5,0.05,Buy
1619395762.4035,49314.5,2.343,Buy
1619395762.4035,49313.5,0.14,Buy
1619395762.4035,49314.0,0.11,Buy
1619395762.4035,49313.0,0.004,Buy
1619395762.4035,49314.5,0.1,Buy
1619395762.421,49321.0,0.001,Buy
1619395762.421,49315.0,0.002,Buy
1619395762.421,49315.0,0.001,Buy
1619395762.421,49321.0,0.023,Buy
1619395762.4284,49321.0,0.151,Buy
1619395762.4304,49321.0,0.151,Buy
1619395762.4334,49321.0,0.005,Buy
1619395762.4334,49321.5,0.146,Buy
1619395762.4382,49321.5,0.017,Buy
1619395762.4385,49321.5,0.639,Buy
1619395762.4473,49322.0,0.007,Buy
1619395762.4473,49325.0,0.007,Buy
1619395762.4534,49325.0,0.003,Buy
1619395762.4534,49327.0,0.035,Buy
1619395763.3315,49329.0,0.043,Buy
1619395763.3317,49329.0,0.01,Buy
1619395763.3318,49329.0,0.14,Buy
1619395763.6958,49332.0,0.004,Buy
1619395763.6958,49330.0,0.001,Buy
1619395763.6961,49339.0,0.01,Buy
1619395763.7045,49341.5,0.01,Sell
1619395763.7045,49341.5,0.39,Sell
1619395763.7149,49341.5,0.22,Sell
1619395764.0379,49345.0,0.311,Buy
1619395764.0379,49348.0,1.65,Buy
1619395764.0379,49348.0,0.095,Buy
1619395764.039,49348.0,2.599,Buy
1619395764.039,49348.0,0.669,Buy
1619395764.0404,49348.0,1.512,Buy
1619395764.0465,49348.5,0.009,Buy
1619395764.0569,49349.0,1.278,Buy
1619395764.0777,49350.0,0.5,Buy
1619395764.0777,49350.0,0.04,Buy
1619395764.0777,49350.0,0.25,Buy
1619395764.0777,49350.5,0.005,Buy
1619395764.0777,49352.0,0.014,Buy
1619395764.0777,49350.0,0.003,Buy
1619395764.0777,49350.0,0.002,Buy
1619395764.0778,49356.0,0.304,Sell
1619395764.0788,49356.0,0.014,Sell
1619395764.0867,49356.5,0.007,Buy
1619395764.0867,49356.5,0.116,Buy
1619395764.0868,49356.5,0.303,Buy
1619395764.0868,49356.5,0.297,Buy
1619395764.0871,49356.5,0.003,Buy
1619395764.0966,49356.5,0.958,Buy
1619395764.097,49356.0,0.014,Sell
1619395764.0981,49357.5,0.006,Buy
1619395764.1959,49359.5,0.007,Buy
1619395764.1959,49359.0,0.007,Buy
1619395764.2773,49359.0,0.015,Sell
1619395764.314,49359.5,0.003,Buy
1619395764.314,49361.0,0.001,Buy
1619395764.314,49364.0,0.415,Buy
1619395764.314,49360.0,0.01,Buy
1619395764.3315,49364.0,0.003,Buy
1619395764.3316,49364.5,0.134,Buy
1619395764.3316,49364.5,0.81,Buy
1619395764.3316,49364.5,2.416,Buy
1619395764.3316,49364.0,1.463,Buy
1619395764.3316,49364.0,0.3,Buy
1619395764.3376,49367.0,0.094,Buy
1619395764.3376,49367.0,0.006,Buy
1619395764.3376,49367.0,0.004,Buy
1619395764.3376,49367.0,0.133,Buy
1619395764.4217,49368.5,0.216,Buy
1619395764.4217,49368.5,0.1,Buy
1619395764.4217,49367.5,0.01,Buy
1619395764.4217,49365.0,0.038,Buy
1619395764.4253,49368.5,0.357,Buy
1619395764.435,49367.0,0.01,Sell
1619395764.6137,49368.5,0.029,Sell
1619395764.7376,49369.0,0.025,Buy
1619395764.7376,49374.5,0.068,Buy
1619395764.7376,49372.0,0.001,Buy
1619395764.7376,49370.0,0.001,Buy
1619395764.7678,49375.0,0.439,Buy
1619395764.7678,49375.0,0.001,Buy
1619395764.7785,49375.0,0.314,Buy
1619395764.7785,49375.0,0.061,Buy
1619395764.7787,49375.0,0.036,Buy
1619395764.8223,49375.0,0.01,Buy
1619395764.8223,49375.0,0.15,Buy
1619395765.0207,49375.0,0.1,Buy
1619395765.3253,49385.0,0.163,Buy
1619395765.3253,49379.0,0.679,Buy
1619395765.3253,49380.0,0.01,Buy
1619395765.3253,49375.0,0.088,Buy
1619395765.3254,49385.0,0.323,Buy
1619395765.3362,49385.0,0.01,Buy
1619395765.3446,49388.0,0.001,Buy
1619395765.3527,49382.5,0.023,Sell
1619395765.3554,49388.0,0.11,Buy
1619395765.3572,49384.5,0.049,Sell
1619395765.4295,49388.0,0.088,Buy
1619395765.6136,49387.5,2.281,Sell
1619395765.6136,49387.5,0.6,Sell
1619395765.6136,49387.5,0.017,Sell
1619395765.6136,49387.5,0.063,Sell
1619395765.6136,49387.5,0.158,Sell
1619395765.6136,49387.5,0.007,Sell
1619395765.6136,49387.5,0.142,Sell
1619395765.8984,49374.0,0.02,Sell
1619395766.3181,49375.0,0.019,Buy
1619395766.378,49383.5,0.118,Buy
1619395767.3392,49387.5,0.451,Sell
1619395767.8128,49388.0,0.031,Buy
1619395767.8128,49388.0,0.301,Buy
1619395767.8128,49388.0,0.297,Buy
1619395767.8128,49389.0,0.001,Buy
1619395767.82,49393.5,0.001,Buy
1619395767.82,49391.5,0.012,Buy
1619395767.8212,49393.5,0.008,Buy
1619395767.8326,49393.5,0.002,Buy
1619395767.8326,49395.0,0.005,Buy
1619395767.8326,49397.0,0.004,Buy
1619395767.8345,49397.0,0.003,Buy
1619395767.8345,49400.0,0.001,Buy
1619395767.8345,49399.0,0.003,Buy
1619395767.8345,49397.5,0.004,Buy
1619395767.8408,49400.0,0.004,Buy
1619395767.8408,49400.0,0.001,Buy
1619395767.8574,49400.0,0.013,Buy
1619395767.8577,49400.0,0.001,Buy
1619395767.8577,49400.0,0.002,Buy
1619395767.8577,49400.0,0.001,Buy
1619395767.8577,49400.0,0.2,Buy
1619395767.8577,49400.0,0.002,Buy
1619395767.8577,49400.0,0.192,Buy
1619395767.8577,49396.5,0.005,Sell
1619395767.8577,49397.5,0.012,Sell
1619395767.8577,49400.0,0.043,Buy
1619395767.8578,49400.0,0.777,Buy
1619395767.8578,49400.0,0.08,Buy
1619395767.8578,49400.0,0.02,Buy
1619395767.8578,49400.0,0.1,Buy
1619395767.8578,49400.0,0.073,Buy
1619395767.8578,49400.0,0.02,Buy
1619395767.8578,49400.0,0.003,Buy
1619395767.8578,49400.0,0.01,Buy
1619395767.8578,49400.0,0.002,Buy
1619395767.8578,49400.0,0.03,Buy
1619395767.8578,49400.0,0.308,Buy
1619395767.8579,49400.0,0.062,Buy
1619395767.8582,49400.0,0.006,Buy
1619395767.8582,49400.0,0.066,Buy
1619395767.8582,49400.0,0.012,Buy
1619395767.859,49412.0,0.173,Buy
1619395767.859,49411.0,0.1,Buy
1619395767.859,49400.5,0.005,Buy
1619395767.859,49410.5,0.012,Buy
1619395767.859,49410.0,0.1,Buy
1619395767.859,49402.0,0.035,Buy
1619395767.859,49402.0,0.002,Buy
1619395767.859,49401.0,0.001,Buy
1619395767.859,49400.0,0.068,Buy
1619395767.859,49400.0,0.006,Buy
1619395767.859,49400.0,0.05,Buy
1619395767.859,49400.0,0.01,Buy
1619395767.859,49410.5,0.004,Buy
1619395767.859,49412.0,0.004,Buy
1619395767.8695,49412.0,0.003,Buy
1619395767.8715,49412.0,0.143,Buy
1619395767.8716,49412.0,0.001,Buy
1619395767.8716,49412.0,0.094,Buy
1619395767.8812,49413.0,0.004,Buy
1619395767.8812,49413.0,0.196,Buy
1619395767.9849,49413.0,0.134,Buy
1619395768.1585,49414.0,0.01,Buy
1619395768.2568,49420.0,0.085,Buy
1619395768.2568,49416.0,0.002,Buy
1619395768.2568,49416.0,0.397,Buy
1619395768.2626,49415.5,0.01,Sell
1619395768.2626,49415.5,0.015,Sell
1619395768.2626,49415.5,0.005,Sell
1619395768.2836,49420.0,0.022,Buy
1619395768.3328,49420.0,0.186,Buy
1619395768.3384,49420.0,0.439,Buy
1619395768.3384,49420.0,0.067,Buy
1619395768.3453,49420.0,0.127,Buy
1619395768.3454,49420.0,3.466,Buy
1619395768.3548,49420.0,0.4,Buy
1619395768.5783,49420.0,0.453,Buy
1619395768.6813,49420.0,0.01,Buy
1619395768.7297,49420.0,0.15,Buy
1619395769.0171,49420.0,0.133,Buy
1619395769.3148,49420.0,2.462,Buy
1619395769.3395,49425.0,0.5,Buy
1619395769.3395,49428.0,0.004,Buy
1619395769.3395,49430.0,0.007,Buy
1619395769.3395,49434.0,0.007,Buy
1619395769.3395,49434.5,0.031,Buy
1619395769.3395,49426.0,0.001,Buy
1619395769.3395,49425.0,0.05,Buy
1619395769.3396,49440.0,2.339,Buy
1619395769.3396,49437.5,0.1,Buy
1619395769.3396,49440.0,0.006,Buy
1619395769.3396,49438.5,0.134,Buy
1619395769.3396,49437.0,0.004,Buy
1619395769.3396,49436.0,0.001,Buy
1619395769.3396,49434.5,0.016,Buy
1619395769.3477,49440.0,0.083,Buy
1619395769.3478,49440.0,0.044,Buy
1619395769.348,49440.0,0.04,Buy
1619395769.348,49440.0,0.748,Buy
1619395769.348,49440.0,0.043,Buy
1619395769.3482,49440.0,0.054,Buy
1619395769.3596,49442.5,0.109,Buy
1619395769.3596,49442.0,0.001,Buy
1619395769.3596,49441.0,0.001,Buy
1619395769.3743,49442.5,0.01,Buy
1619395769.4665,49444.0,0.001,Buy
1619395769.4665,49445.0,0.009,Buy
1619395769.6209,49449.5,0.005,Buy
1619395769.63,49450.0,0.003,Buy
1619395769.63,49450.0,0.062,Buy
1619395769.6416,49450.0,0.438,Buy
1619395769.6416,49450.0,0.02,Buy
1619395769.6416,49450.0,0.43,Buy
1619395769.6416,49450.0,0.112,Buy
1619395769.6418,49450.0,0.068,Buy
1619395769.6545,49450.0,0.002,Buy
1619395770.1708,49450.0,0.195,Buy
1619395770.1708,49450.0,0.315,Buy
1619395770.1716,49455.0,0.001,Buy
1619395770.1716,49450.0,0.025,Buy
1619395770.1716,49454.0,0.001,Buy
1619395770.1716,49455.5,0.5,Buy
1619395770.1716,49457.0,0.052,Buy
1619395770.1716,49450.0,0.035,Buy
1619395770.1716,49451.0,0.004,Buy
1619395770.1747,49460.0,0.01,Buy
1619395770.1747,49457.0,0.231,Buy
1619395770.1747,49462.0,0.014,Buy
1619395770.1768,49462.0,0.354,Buy
1619395770.1808,49462.0,0.007,Buy
1619395770.1875,49462.0,0.35,Buy
1619395770.2083,49462.0,0.009,Buy
1619395770.2674,49480.5,4.44,Buy
1619395770.2674,49481.0,3.604,Buy
1619395770.2674,49479.0,2.67,Buy
1619395770.2674,49478.5,1.26,Buy
1619395770.2674,49478.0,1.25,Buy
1619395770.2674,49477.5,0.34,Buy
1619395770.2674,49477.0,8.88,Buy
1619395770.2674,49476.5,9.16,Buy
1619395770.2674,49475.5,0.31,Buy
1619395770.2674,49475.0,0.35,Buy
1619395770.2674,49474.0,1.887,Buy
1619395770.2674,49462.0,0.266,Buy
1619395770.2674,49479.5,0.59,Buy
1619395770.2674,49468.0,0.1,Buy
1619395770.2674,49474.5,6.31,Buy
1619395770.2674,49471.5,2.19,Buy
1619395770.2674,49470.0,0.025,Buy
1619395770.2674,49472.0,0.007,Buy
1619395770.2674,49472.0,0.79,Buy
1619395770.2674,49472.0,1.911,Buy
1619395770.2674,49472.5,3.25,Buy
1619395770.2674,49473.5,3.993,Buy
1619395770.2674,49471.5,6.017,Buy
1619395770.2674,49480.0,0.92,Buy
1619395770.2872,49475.0,0.089,Buy
1619395770.2873,49475.0,0.024,Buy
1619395770.2873,49461.5,0.001,Sell
1619395770.2881,49471.0,0.012,Sell
1619395770.2881,49461.5,0.088,Sell
1619395770.2957,49470.0,0.01,Sell
1619395770.3448,49475.0,1.021,Buy
1619395770.3529,49475.0,0.021,Buy
1619395770.3988,49475.0,0.012,Buy
1619395770.4023,49481.5,0.004,Buy
1619395770.4023,49482.0,0.001,Buy
1619395770.4023,49483.5,0.103,Buy
1619395770.4023,49483.5,0.002,Buy
1619395770.4023,49483.5,0.001,Buy
1619395770.4023,49483.5,0.001,Buy
1619395770.4023,49483.5,0.004,Buy
1619395770.4095,49479.5,0.037,Buy
1619395770.4107,49479.5,0.073,Buy
1619395770.4153,49479.5,0.022,Buy
1619395770.4272,49480.0,0.17,Buy
1619395770.4458,49480.0,0.116,Buy
1619395770.4628,49480.5,0.097,Buy
1619395770.476,49482.0,0.08,Buy
1619395770.6374,49484.0,0.01,Buy
1619395770.6985,49487.5,0.1,Sell
1619395770.9523,49488.0,0.035,Buy
1619395770.9523,49488.0,0.015,Buy
1619395770.988,49488.0,0.04,Buy
1619395771.0777,49493.5,1.276,Buy
1619395771.0777,49492.5,2.418,Buy
1619395771.0777,49491.0,0.001,Buy
1619395771.0777,49489.0,0.005,Buy
1619395771.0777,49488.0,0.158,Buy
1619395771.0777,49488.0,0.067,Buy
1619395771.0777,49488.0,0.07,Buy
1619395771.0777,49489.0,0.004,Buy
1619395771.0777,49488.5,0.001,Buy
1619395771.1617,49495.0,0.101,Buy
1619395771.3392,49495.5,0.077,Buy
1619395771.3393,49495.5,0.5,Buy
1619395771.5459,49495.0,0.117,Sell
1619395771.6339,49495.5,0.478,Buy
1619395771.6959,49495.5,0.001,Buy
1619395771.7167,49495.5,0.036,Buy
1619395771.8417,49495.5,0.127,Buy
1619395771.8776,49496.0,0.001,Buy
1619395771.8776,49497.0,0.004,Buy
1619395771.8776,49498.0,0.001,Buy
1619395772.0563,49498.5,0.006,Sell
1619395772.0563,49498.5,0.005,Sell
1619395772.0563,49498.5,0.528,Sell
1619395772.1067,49499.0,0.023,Buy
1619395772.3452,49499.0,0.177,Buy
1619395772.3452,49499.0,0.024,Buy
1619395772.348,49500.0,0.346,Buy
1619395772.348,49500.0,0.002,Buy
1619395772.348,49499.0,0.134,Buy
1619395772.3502,49500.0,0.02,Buy
1619395772.3502,49500.0,0.275,Buy
1619395772.3502,49500.0,0.01,Buy
1619395772.3502,49500.0,0.01,Buy
1619395772.3502,49500.0,0.008,Buy
1619395772.3502,49500.0,0.01,Buy
1619395772.3502,49500.0,0.01,Buy
1619395772.3502,49500.0,0.025,Buy
1619395772.3502,49500.0,0.1,Buy
1619395772.3502,49500.0,0.01,Buy
1619395772.3502,49500.0,0.025,Buy
1619395772.3502,49500.0,0.002,Buy
1619395772.3502,49500.0,0.002,Buy
1619395772.3502,49500.0,0.04,Buy
1619395772.3502,49500.0,0.07,Buy
1619395772.3502,49500.0,0.02,Buy
1619395772.3502,49500.0,4.253,Buy
1619395772.3502,49500.0,0.044,Buy
1619395772.3502,49500.0,0.1,Buy
1619395772.3502,49500.0,0.003,Buy
1619395772.3502,49500.0,0.061,Buy
1619395772.3502,49500.0,0.014,Buy
1619395772.3502,49506.5,0.351,Buy
1619395772.3502,49506.5,0.1,Buy
1619395772.3502,49506.0,7.329,Buy
1619395772.3502,49503.0,0.003,Buy
1619395772.3502,49503.0,0.002,Buy
1619395772.3502,49500.5,0.003,Buy
1619395772.3502,49500.5,0.005,Buy
1619395772.3502,49500.5,1.0,Buy
1619395772.3502,49500.0,0.085,Buy
1619395772.3502,49500.0,0.435,Buy
1619395772.3502,49500.0,0.073,Buy
1619395772.3502,49500.0,0.2,Buy
1619395772.3502,49500.0,0.02,Buy
1619395772.3502,49500.0,0.043,Buy
1619395772.3502,49500.0,0.002,Buy
1619395772.3502,49500.0,0.02,Buy
1619395772.3502,49500.0,0.203,Buy
1619395772.3502,49500.0,0.001,Buy
1619395772.3502,49500.0,0.05,Buy
1619395772.3502,49500.0,0.002,Buy
1619395772.3502,49500.0,5.0,Buy
1619395772.3502,49500.0,0.005,Buy
1619395772.3508,49506.5,0.034,Buy
1619395772.3508,49498.5,0.007,Sell
1619395772.3508,49506.5,0.032,Buy
1619395772.3508,49506.5,0.25,Buy
1619395772.351,49506.5,0.005,Buy
1619395772.3513,49506.5,0.01,Buy
1619395772.3514,49506.5,0.132,Buy
1619395772.3514,49506.5,0.121,Buy
1619395772.3514,49506.5,0.07,Buy
1619395772.3514,49499.5,0.008,Sell
1619395772.3518,49506.5,0.01,Buy
1619395772.3519,49506.5,4.0,Buy
1619395772.3522,49506.5,0.045,Buy
1619395772.3542,49500.0,0.357,Buy
1619395772.3607,49506.5,0.01,Buy
1619395772.3642,49504.5,0.1,Buy
1619395772.3642,49504.5,0.02,Buy
1619395772.3649,49504.5,0.047,Buy
1619395772.3649,49504.5,0.003,Buy
1619395772.3776,49504.5,0.075,Buy
1619395772.8193,49506.5,0.017,Buy
1619395772.8193,49506.5,0.005,Buy
1619395772.8359,49506.0,0.2,Sell
1619395772.953,49506.5,0.5,Buy
1619395773.0282,49495.0,0.1,Sell
1619395773.329,49490.0,0.019,Buy
1619395773.3334,49490.0,0.051,Buy
1619395773.3334,49495.0,0.007,Buy
1619395773.3334,49497.0,2.278,Buy
1619395773.3334,49497.0,0.692,Buy
1619395773.3334,49495.0,0.063,Buy
1619395773.3373,49489.0,0.294,Sell
1619395773.7328,49475.0,0.001,Sell
1619395774.7078,49475.5,0.014,Buy
1619395774.8493,49475.0,0.005,Sell
1619395775.1006,49475.5,0.006,Buy
1619395775.1006,49475.5,0.27,Buy
1619395775.1574,49475.0,0.03,Sell
1619395775.1574,49474.5,0.1,Sell
1619395775.7577,49436.0,0.001,Sell
1619395775.7577,49430.0,0.294,Sell
1619395775.7577,49434.0,0.007,Sell
1619395775.7577,49442.0,0.001,Sell
1619395775.7775,49446.0,0.014,Sell
1619395775.7787,49446.0,0.009,Sell
1619395775.781,49446.0,0.019,Sell
1619395776.0276,49442.5,0.146,Buy
1619395776.2257,49430.5,0.164,Sell
1619395776.2257,49442.0,0.019,Sell
1619395776.2257,49442.0,0.017,Sell
1619395776.5524,49430.5,0.01,Sell
1619395776.7252,49435.5,0.001,Buy
1619395776.7326,49436.0,0.317,Buy
1619395776.7326,49435.5,0.002,Buy
1619395776.8903,49436.5,0.844,Buy
1619395777.1627,49436.0,0.004,Sell
1619395777.467,49435.5,0.07,Sell
1619395777.6045,49411.5,0.002,Buy
1619395777.6178,49411.0,0.231,Sell
1619395777.7791,49411.0,0.001,Sell
1619395778.1009,49411.5,0.012,Buy
1619395778.1009,49411.5,0.727,Buy
1619395778.2749,49430.5,0.144,Buy
1619395778.3061,49434.5,0.217,Buy
1619395778.5298,49437.5,0.7,Sell
1619395778.5809,49437.5,0.136,Sell
1619395778.5893,49437.5,0.136,Sell
1619395778.7492,49438.5,1.25,Sell
1619395779.1732,49447.5,0.2,Sell
1619395779.2038,49448.5,0.004,Buy
1619395779.3053,49448.0,0.214,Sell
1619395779.7979,49454.5,0.007,Buy
1619395780.5,49462.5,0.074,Sell
1619395780.7281,49464.0,0.027,Buy
1619395780.7882,49464.0,0.005,Buy
1619395780.8581,49463.5,0.25,Sell
1619395780.904,49463.5,0.173,Sell
1619395781.134,49472.0,0.007,Buy
1619395781.3381,49482.0,0.001,Buy
1619395781.6238,49489.5,0.179,Buy
1619395781.9082,49496.0,0.004,Buy
1619395781.9082,49496.0,0.001,Buy
1619395781.9503,49497.0,0.284,Buy
1619395782.4228,49497.0,0.017,Sell
1619395782.4228,49497.0,0.033,Sell
1619395783.1791,49480.5,0.012,Buy
1619395783.1791,49480.5,0.033,Buy
1619395783.3436,49480.0,0.004,Sell
1619395783.4305,49480.5,0.09,Buy
1619395783.6999,49480.0,0.02,Sell
1619395784.8689,49457.5,0.125,Buy
1619395785.5981,49457.0,0.02,Sell
1619395785.7821,49448.5,0.005,Buy
1619395785.7821,49448.5,0.205,Buy
1619395786.4653,49448.0,0.2,Sell
1619395786.5435,49448.0,0.1,Sell
1619395786.5594,49448.0,0.25,Sell
1619395786.8558,49448.0,0.005,Sell
1619395786.9368,49448.5,0.2,Buy
1619395787.0899,49448.0,0.713,Sell
1619395787.0899,49448.0,0.069,Sell
1619395787.1742,49448.0,1.865,Sell
1619395787.1742,49448.0,0.136,Sell
1619395787.1742,49448.0,0.095,Sell
1619395787.4776,49442.0,0.001,Sell
1619395787.5563,49433.0,0.005,Sell
1619395787.5563,49434.0,0.007,Sell
1619395787.5563,49436.0,0.001,Sell
1619395788.1563,49422.5,0.009,Buy
1619395788.1925,49438.0,0.031,Buy
1619395788.1925,49436.5,0.07,Buy
1619395788.31,49437.0,0.025,Sell
1619395788.3356,49437.5,0.004,Buy
1619395788.9174,49448.0,0.012,Sell
1619395790.9135,49445.5,0.003,Buy
1619395792.2457,49445.0,0.07,Sell
1619395792.2457,49445.0,0.06,Sell
1619395792.2457,49445.0,0.07,Sell
1619395792.5045,49445.5,0.051,Buy
1619395792.6465,49445.5,1.375,Buy
1619395792.7609,49448.0,0.112,Sell
1619395792.9492,49448.0,0.007,Sell
1619395792.9651,49448.0,0.017,Sell
1619395793.375,49448.5,0.38,Buy
1619395793.375,49448.5,0.062,Buy
1619395793.394,49448.5,0.004,Buy
1619395793.4137,49448.5,0.018,Buy
1619395793.5505,49448.5,0.098,Buy
1619395793.6277,49450.0,0.02,Buy
1619395793.6516,49450.0,0.03,Buy
1619395793.6516,49450.0,0.06,Buy
1619395793.6774,49455.0,0.069,Buy
1619395793.7998,49456.5,0.07,Buy
1619395793.8385,49456.5,0.049,Buy
1619395794.2508,49458.5,0.036,Buy
1619395794.6764,49458.0,0.228,Sell
1619395794.8193,49458.5,0.05,Buy
1619395795.0789,49458.5,0.033,Buy
1619395795.3964,49458.0,3.0,Sell
1619395795.9748,49458.5,0.026,Buy
1619395795.9917,49463.5,0.018,Sell
1619395796.0092,49464.0,0.001,Buy
1619395796.136,49486.0,0.015,Buy
1619395796.136,49482.0,0.001,Buy
1619395796.136,49470.0,0.02,Buy
1619395796.136,49472.0,0.007,Buy
1619395796.4084,49486.0,1.103,Buy
1619395796.4385,49485.5,0.001,Sell
1619395797.063,49486.0,0.52,Buy
1619395797.408,49486.0,0.037,Buy
1619395797.4312,49486.0,0.025,Buy
1619395797.8498,49486.0,0.211,Buy
1619395797.9265,49501.5,0.136,Buy
1619395797.9265,49500.5,0.015,Buy
1619395797.9265,49500.0,0.102,Buy
1619395797.9265,49496.0,0.001,Buy
1619395797.9265,49498.5,0.005,Buy
1619395797.9265,49500.0,0.1,Buy
1619395797.9265,49500.0,0.098,Buy
1619395797.9265,49486.0,0.089,Buy
1619395797.9354,49501.5,0.304,Buy
1619395797.9354,49501.5,0.066,Buy
1619395797.9354,49503.0,0.036,Buy
1619395797.9359,49503.0,2.0,Buy
1619395798.1683,49501.5,0.06,Buy
1619395798.1683,49501.5,0.03,Buy
1619395798.1934,49501.5,0.101,Buy
1619395798.4436,49501.0,0.003,Sell
1619395798.4582,49501.5,0.002,Buy
1619395798.8433,49502.5,0.033,Buy
1619395798.9627,49502.5,0.037,Buy
1619395798.9627,49512.5,0.004,Buy
1619395798.9627,49508.0,0.108,Buy
1619395798.9627,49509.0,0.007,Buy
1619395798.9627,49510.5,0.001,Buy
1619395798.9627,49514.5,0.011,Buy
1619395798.9627,49504.5,0.031,Buy
1619395798.9718,49514.5,0.02,Buy
1619395799.1,49516.0,0.002,Buy
1619395799.2693,49517.0,0.141,Sell
1619395799.2693,49517.0,0.859,Sell
1619395799.3935,49517.5,0.86,Buy
1619395799.7559,49511.5,0.022,Sell
1619395799.7559,49514.0,0.017,Sell
1619395799.7559,49514.0,0.044,Sell
1619395799.7559,49514.0,0.017,Sell
1619395799.7702,49503.5,0.1,Sell
1619395799.8122,49497.0,0.744,Sell
1619395801.052,49502.5,0.2,Sell
1619395801.173,49503.0,0.181,Buy
1619395801.1976,49503.0,0.127,Buy
1619395801.3987,49519.0,0.02,Buy
1619395801.3989,49519.0,0.058,Buy
1619395801.5531,49518.5,0.005,Sell
1619395801.7181,49518.5,0.135,Sell
1619395801.7181,49518.5,0.065,Sell
1619395802.3166,49519.0,0.025,Buy
1619395802.3498,49519.0,0.097,Buy
1619395802.3976,49522.0,0.001,Buy
1619395802.3976,49534.0,0.001,Buy
1619395802.3976,49525.0,0.01,Buy
1619395802.3976,49536.0,0.115,Buy
1619395802.3977,49536.0,1.0,Buy
1619395802.3977,49536.0,0.005,Buy
1619395802.3978,49536.0,0.026,Buy
1619395802.7293,49536.0,0.007,Buy
1619395802.7443,49536.0,0.847,Buy
1619395802.8038,49539.0,0.054,Buy
1619395802.8247,49539.0,0.066,Buy
1619395802.8699,49539.0,0.061,Buy
1619395802.8728,49540.5,0.004,Buy
1619395802.8728,49545.0,0.036,Buy
1619395802.8728,49539.0,0.019,Buy
1619395802.8728,49544.0,0.002,Buy
1619395802.8777,49545.0,0.056,Buy
1619395802.8777,49547.0,0.005,Buy
1619395802.8838,49550.0,0.034,Buy
1619395802.8838,49550.0,0.016,Buy
1619395802.8838,49550.0,0.002,Buy
1619395802.8838,49547.0,0.002,Buy
1619395802.8838,49549.5,0.004,Buy
1619395802.8838,49550.0,0.003,Buy
1619395802.8858,49550.0,0.073,Buy
1619395802.8858,49550.0,0.027,Buy
1619395802.8933,49550.0,0.02,Buy
1619395802.8933,49549.5,0.016,Sell
1619395803.4043,49550.0,0.02,Buy
1619395803.6474,49549.5,0.004,Sell
1619395803.9378,49550.0,0.01,Buy
1619395804.0694,49550.0,0.006,Buy
1619395804.1157,49550.0,0.023,Buy
1619395804.1186,49550.0,0.2,Buy
1619395804.129,49550.0,0.003,Buy
1619395804.143,49550.0,0.16,Buy
1619395804.1588,49550.5,0.005,Buy
1619395804.1588,49550.5,0.015,Buy
1619395804.1588,49560.5,0.054,Buy
1619395804.1588,49550.0,0.549,Buy
1619395804.1588,49555.0,0.042,Buy
1619395804.1588,49557.0,0.001,Buy
1619395804.1588,49560.0,0.05,Buy
1619395804.1588,49559.0,0.2,Buy
1619395804.1588,49559.0,0.05,Buy
1619395804.16,49570.0,0.066,Buy
1619395804.16,49565.0,0.001,Buy
1619395804.16,49563.0,0.001,Buy
1619395804.1603,49575.0,0.215,Buy
1619395804.1603,49570.0,0.04,Buy
1619395804.1627,49584.0,0.007,Buy
1619395804.1627,49579.5,0.1,Buy
1619395804.1627,49592.5,0.052,Buy
1619395804.1627,49575.0,0.117,Buy
1619395804.1627,49576.0,0.024,Buy
1619395804.1627,49577.0,0.1,Buy
1619395804.1627,49579.0,0.2,Buy
1619395804.1786,49595.0,0.689,Buy
1619395804.1786,49595.0,0.005,Buy
1619395804.1787,49595.0,0.089,Buy
1619395804.1787,49595.0,0.217,Buy
1619395804.1794,49595.0,0.996,Buy
1619395804.1794,49595.0,0.364,Buy
1619395804.1795,49595.0,0.357,Buy
1619395804.1796,49595.0,0.25,Buy
1619395804.1796,49595.0,0.25,Buy
1619395804.18,49595.0,0.028,Buy
1619395804.1807,49595.0,0.008,Buy
1619395804.1807,49595.0,0.072,Buy
1619395804.1807,49561.5,0.006,Sell
1619395804.1807,49595.0,0.025,Buy
1619395804.1807,49595.0,0.01,Buy
1619395804.1882,49595.0,0.584,Buy
1619395804.2046,49598.0,0.01,Buy
1619395804.2082,49598.0,0.427,Buy
1619395804.2178,49599.0,0.003,Buy
1619395804.2178,49599.0,0.006,Buy
1619395804.2319,49599.0,0.026,Buy
1619395804.3684,49599.0,0.168,Buy
1619395804.3684,49600.0,0.002,Buy
1619395804.3684,49600.0,0.021,Buy
1619395804.3684,49600.0,0.01,Buy
1619395804.3684,49600.0,0.003,Buy
1619395804.3684,49599.0,0.1,Buy
1619395804.3684,49600.0,0.002,Buy
1619395804.3684,49600.0,0.1,Buy
1619395804.3684,49600.0,0.033,Buy
1619395804.3684,49622.0,0.007,Buy
1619395804.3684,49619.5,0.02,Buy
1619395804.3684,49619.0,0.2,Buy
1619395804.3684,49617.0,0.002,Buy
1619395804.3684,49617.0,0.001,Buy
1619395804.3684,49604.0,0.002,Buy
1619395804.3684,49603.0,0.001,Buy
1619395804.3684,49600.5,0.015,Buy
1619395804.3684,49600.5,0.015,Buy
1619395804.3684,49600.0,0.06,Buy
1619395804.3684,49600.0,0.016,Buy
1619395804.3684,49600.0,0.003,Buy
1619395804.3684,49600.0,0.2,Buy
1619395804.3854,49630.0,0.027,Buy
1619395804.3854,49630.0,0.01,Buy
1619395804.3858,49630.0,0.023,Buy
1619395804.3858,49623.5,0.026,Sell
1619395804.3858,49630.0,0.03,Buy
1619395804.3858,49630.0,0.012,Buy
1619395804.3864,49630.0,0.016,Buy
1619395804.3864,49630.0,0.05,Buy
1619395804.3867,49623.5,0.012,Sell
1619395804.3867,49630.0,0.001,Buy
1619395804.3867,49630.0,0.015,Buy
1619395804.3872,49630.0,0.205,Buy
1619395804.3872,49630.0,0.4,Buy
1619395804.3872,49630.0,0.01,Buy
1619395804.388,49630.0,0.12,Buy
1619395804.388,49630.0,0.025,Buy
1619395804.388,49630.0,1.11,Buy
1619395804.3986,49623.5,0.01,Sell
1619395804.4006,49635.5,0.965,Buy
1619395804.4006,49630.0,0.229,Buy
1619395804.4006,49630.0,6.225,Buy
1619395804.4006,49633.5,0.01,Buy
1619395804.4006,49634.0,0.1,Buy
1619395804.4006,49635.0,2.7,Buy
1619395804.401,49635.5,0.1,Buy
1619395804.4085,49630.0,0.107,Buy
1619395804.4273,49629.5,6.099,Sell
1619395804.4282,49635.5,0.373,Buy
1619395804.4364,49632.0,0.41,Buy
1619395804.4368,49632.0,0.311,Buy
1619395804.4369,49632.0,0.051,Buy
1619395804.4369,49632.0,0.248,Buy
1619395804.437,49632.0,0.048,Buy
1619395804.437,49632.0,2.491,Buy
1619395804.437,49635.5,0.246,Buy
1619395804.437,49632.0,0.139,Buy
1619395804.4414,49635.5,0.1,Buy
1619395804.4415,49635.5,0.004,Buy
1619395804.4416,49635.5,0.326,Buy
1619395804.5668,49639.0,0.3,Buy
1619395804.5668,49639.0,0.2,Buy
1619395804.5801,49639.0,0.1,Buy
1619395804.5803,49639.0,0.001,Buy
1619395804.6449,49639.0,0.137,Buy
1619395804.731,49639.0,0.193,Buy
1619395805.2135,49641.0,0.001,Sell
1619395805.2258,49644.0,0.001,Buy
1619395805.2258,49646.5,0.021,Buy
1619395805.2258,49650.0,0.003,Buy
1619395805.2259,49650.0,0.232,Buy
1619395805.238,49650.0,0.005,Buy
1619395805.238,49643.5,0.015,Sell
1619395805.2388,49650.0,0.002,Buy
1619395805.2566,49644.0,0.779,Buy
1619395805.2566,49644.0,0.1,Buy
1619395805.4032,49645.5,0.7,Buy
1619395805.5132,49644.0,0.1,Sell
1619395805.5132,49643.5,0.085,Sell
1619395805.5132,49640.0,0.1,Sell
1619395805.5132,49627.5,0.714,Sell
1619395805.7807,49647.5,1.288,Sell
1619395805.8243,49647.5,1.288,Sell
1619395805.9472,49636.5,0.081,Buy
1619395807.3271,49624.5,2.754,Buy
1619395807.8405,49628.0,0.25,Buy
1619395807.8405,49628.0,2.001,Buy
1619395808.1471,49628.0,0.107,Buy
1619395808.3457,49627.5,1.0,Sell
1619395808.4833,49627.5,3.264,Sell
1619395808.5291,49608.0,0.036,Buy
1619395808.5536,49607.5,0.1,Sell
1619395808.8192,49608.0,10.42,Buy
1619395808.8192,49608.0,0.1,Buy
1619395808.8192,49608.5,4.48,Buy
1619395808.8992,49615.5,0.2,Buy
1619395808.9516,49615.0,0.04,Buy
1619395809.0264,49618.5,0.036,Buy
1619395809.1203,49629.5,0.02,Buy
1619395809.2734,49631.5,0.1,Sell
1619395809.5635,49632.0,0.003,Sell
1619395809.8422,49635.0,0.139,Buy
1619395810.0266,49635.5,0.002,Buy
1619395810.0272,49635.5,0.005,Buy
1619395810.0282,49635.5,0.014,Buy
1619395810.0293,49635.5,0.014,Buy
1619395810.0297,49635.5,0.01,Buy
1619395810.0299,49635.5,0.019,Buy
1619395810.0299,49635.5,0.007,Buy
1619395810.0299,49635.5,0.041,Buy
1619395810.0313,49636.5,0.028,Buy
1619395810.0313,49636.5,0.01,Buy
1619395810.0313,49636.5,0.012,Buy
1619395810.0323,49636.5,0.07,Buy
1619395810.0323,49636.5,0.064,Buy
1619395810.0323,49636.5,0.014,Buy
1619395810.2164,49637.5,0.001,Buy
1619395810.2164,49639.0,0.02,Buy
1619395810.2164,49639.0,0.014,Buy
1619395810.2168,49639.0,0.034,Buy
1619395810.2177,49639.0,0.008,Buy
1619395810.2177,49639.0,0.098,Buy
1619395810.2177,49639.0,0.015,Buy
1619395810.2177,49639.0,0.222,Buy
1619395810.3346,49637.5,0.004,Sell
1619395811.2347,49638.0,0.007,Buy
1619395811.2347,49642.0,0.012,Buy
1619395811.7442,49641.5,0.02,Sell
1619395811.7667,49642.0,0.012,Buy
1619395811.9829,49643.5,0.555,Buy
1619395811.9829,49642.0,0.026,Buy
1619395812.2173,49647.5,0.2,Sell
1619395813.4531,49649.0,0.021,Sell
1619395814.2598,49649.5,0.072,Buy
1619395814.2598,49649.5,0.017,Buy
1619395814.2598,49649.5,0.05,Buy
1619395814.2598,49649.5,0.164,Buy
1619395814.2598,49649.5,0.136,Buy
1619395814.2598,49649.5,0.07,Buy
1619395814.3163,49650.0,0.102,Buy
1619395814.3709,49650.0,0.059,Buy
1619395814.4245,49651.5,0.007,Buy
1619395815.1108,49651.5,0.003,Buy
1619395815.1108,49651.5,0.997,Buy
1619395815.4421,49651.5,0.116,Buy
1619395815.8455,49651.5,0.231,Buy
1619395816.9363,49651.5,0.029,Buy
1619395816.9917,49651.5,0.01,Buy
1619395817.5495,49651.0,1.777,Sell
1619395817.8451,49651.5,1.359,Buy
1619395818.7667,49651.0,0.433,Sell
1619395818.9072,49651.0,0.1,Sell
1619395819.2411,49651.0,0.005,Sell
1619395819.4738,49651.5,0.773,Buy
1619395819.4738,49651.5,0.568,Buy
1619395821.1381,49651.0,0.007,Sell
1619395821.2575,49650.0,0.14,Sell
1619395821.3004,49650.0,0.001,Sell
1619395821.3004,49649.5,0.001,Sell
1619395821.3004,49649.0,0.002,Sell
1619395821.3004,49649.0,0.014,Sell
1619395821.595,49620.5,0.1,Sell
1619395821.595,49620.5,0.1,Sell
1619395822.2336,49614.5,0.05,Sell
1619395822.3922,49608.0,0.1,Sell
1619395822.6573,49603.0,0.001,Sell
1619395822.8665,49601.5,0.005,Buy
1619395822.8665,49601.5,0.985,Buy
1619395822.9502,49601.0,0.046,Sell
1619395822.9502,49600.0,0.004,Sell
1619395823.3875,49600.0,0.496,Sell
1619395823.6055,49584.5,0.01,Sell
1619395823.9344,49584.0,0.007,Sell
1619395823.9344,49576.5,0.006,Sell
1619395824.0893,49564.0,0.036,Sell
1619395824.4677,49564.0,0.1,Sell
1619395824.6183,49563.0,0.001,Sell
1619395824.6183,49557.0,0.001,Sell
1619395824.7114,49553.5,0.327,Sell
1619395824.7114,49553.5,0.1,Sell
1619395824.81,49553.5,0.036,Sell
1619395825.3143,49553.5,0.007,Sell
1619395825.3143,49550.5,0.1,Sell
1619395825.3143,49550.0,0.003,Sell
1619395825.3143,49547.0,0.007,Sell
1619395825.3143,49543.5,0.1,Sell
1619395825.3143,49541.0,0.113,Sell
1619395825.3244,49541.0,0.024,Sell
1619395825.3503,49540.5,0.028,Buy
1619395826.006,49540.0,0.2,Sell
1619395826.2851,49540.0,0.05,Sell
1619395826.549,49540.0,2.354,Sell
1619395826.9298,49540.0,0.136,Sell
1619395826.9298,49540.0,0.114,Sell
1619395826.9891,49540.5,0.069,Buy
1619395826.9894,49540.0,0.05,Sell
1619395826.9894,49540.0,0.15,Sell
1619395827.5497,49540.0,0.05,Sell
1619395827.5497,49540.0,0.1,Sell
1619395827.6463,49540.0,0.232,Sell
1619395828.0817,49540.5,0.001,Buy
1619395828.2464,49540.0,0.201,Sell
1619395828.2464,49540.0,0.049,Sell
1619395828.2991,49540.0,0.163,Sell
1619395828.5902,49540.5,0.01,Buy
1619395828.6616,49540.0,0.016,Sell
1619395828.729,49540.0,0.128,Sell
1619395828.7626,49540.5,0.02,Buy
1619395828.7626,49540.5,0.001,Buy
1619395828.8069,49554.0,0.016,Buy
1619395828.8766,49553.5,0.013,Sell
1619395828.9622,49553.5,0.175,Sell
1619395828.9645,49553.5,0.006,Sell
1619395829.2138,49553.5,1.753,Sell
1619395829.5316,49553.5,0.002,Sell
1619395829.8603,49553.5,0.02,Sell
1619395829.8767,49540.0,0.008,Sell
1619395830.9103,49552.0,0.048,Sell
1619395830.9103,49552.0,0.1,Sell
1619395830.9103,49552.0,0.716,Sell
1619395830.9103,49552.0,0.136,Sell
1619395831.0276,49552.0,0.028,Sell
1619395831.3086,49552.0,0.031,Sell
1619395831.6677,49552.0,0.2,Sell
1619395831.763,49552.0,0.719,Sell
1619395831.763,49552.0,0.271,Sell
1619395831.7798,49553.0,0.005,Buy
1619395831.7798,49553.5,0.008,Buy
1619395832.0822,49554.0,0.084,Buy
1619395832.4482,49564.0,0.14,Sell
1619395832.482,49564.5,0.1,Buy
1619395832.5657,49584.0,0.007,Buy
1619395832.5657,49584.0,0.1,Buy
1619395832.6226,49583.5,0.139,Sell
1619395833.3795,49587.0,0.038,Sell
1619395833.5762,49588.0,0.002,Sell
1619395833.5824,49588.5,0.18,Buy
1619395834.2849,49587.0,0.03,Sell
1619395834.3179,49587.0,0.002,Sell
1619395834.4946,49564.0,0.01,Sell
