1619308800.4952,50055.5,0.758,Sell
1619308800.8275,50056.0,0.002,Buy
1619308801.9058,50055.5,0.08,Sell
1619308803.1429,50056.0,0.033,Buy
1619308803.1429,50056.0,0.112,Buy
1619308803.2288,50056.0,0.136,Buy
1619308806.0229,50055.5,0.2,Sell
1619308809.3417,50055.5,0.36,Sell
1619308809.4319,50056.0,0.019,Buy
1619308809.4319,50056.0,3.128,Buy
1619308809.6178,50086.5,0.015,Buy
1619308809.6178,50086.5,0.006,Buy
1619308809.716,50086.5,0.236,Buy
1619308809.7885,50086.0,0.164,Sell
1619308810.4579,50086.5,0.1,Buy
1619308810.5966,50086.5,0.98,Buy
1619308810.5966,50086.5,2.02,Buy
1619308811.1007,50086.0,0.002,Sell
1619308813.062,50086.0,0.002,Sell
1619308815.0255,50086.5,0.1,Buy
1619308815.3907,50086.5,0.017,Buy
1619308816.473,50086.5,0.017,Buy
1619308816.4776,50088.0,0.001,Buy
1619308816.4776,50092.0,0.001,Buy
1619308816.8007,50099.5,0.013,Sell
1619308818.3424,50099.5,0.034,Sell
1619308820.0756,50100.0,0.08,Buy
1619308820.0756,50100.0,0.02,Buy
1619308820.8707,50100.0,0.014,Buy
1619308824.3663,50099.5,0.176,Sell
1619308828.3284,50099.5,0.002,Sell
1619308828.9587,50100.0,0.072,Buy
1619308830.0669,50100.0,0.042,Buy
1619308830.2482,50100.0,0.2,Buy
1619308831.6113,50100.0,0.21,Buy
1619308833.698,50099.5,0.01,Sell
1619308833.698,50099.5,0.005,Sell
1619308833.698,50099.5,0.07,Sell
1619308833.698,50099.5,0.915,Sell
1619308835.1968,50100.0,0.001,Buy
1619308836.0408,50100.0,0.021,Buy
1619308836.0408,50100.0,0.183,Buy
1619308836.0408,50100.0,0.117,Buy
1619308836.0408,50100.0,0.381,Buy
1619308836.0408,50100.0,0.14,Buy
1619308836.0408,50100.0,0.032,Buy
1619308837.0166,50113.0,0.007,Buy
1619308839.4777,50115.0,4.467,Buy
1619308839.845,50115.0,0.091,Buy
1619308840.4092,50115.0,0.02,Buy
1619308841.6834,50115.0,0.297,Buy
1619308841.764,50115.0,0.628,Buy
1619308842.9812,50114.5,0.002,Sell
1619308844.0554,50114.5,0.002,Sell
1619308845.6092,50115.0,0.08,Buy
1619308845.7532,50115.0,0.002,Buy
1619308846.2219,50115.0,0.005,Buy
1619308848.6901,50115.0,0.002,Buy
1619308849.7646,50115.0,0.02,Buy
1619308850.3286,50115.0,0.025,Buy
1619308852.3199,50115.0,0.012,Buy
1619308852.4785,50115.0,0.012,Buy
1619308852.6958,50115.0,0.012,Buy
1619308853.0752,50115.0,0.5,Buy
1619308856.0929,50115.0,0.025,Buy
1619308856.3313,50115.0,0.03,Buy
1619308858.123,50115.0,0.01,Buy
1619308858.4521,50116.0,0.001,Buy
1619308858.4521,50116.0,0.1,Buy
1619308858.5042,50120.0,0.001,Buy
1619308858.5042,50120.0,0.04,Buy
1619308858.5042,50120.0,0.001,Buy
1619308858.5042,50118.0,0.001,Buy
1619308858.5042,50120.0,0.01,Buy
1619308858.5042,50120.0,0.002,Buy
1619308858.5042,50120.0,0.001,Buy
1619308858.5074,50121.0,0.001,Buy
1619308858.7758,50131.5,0.005,Buy
1619308858.7845,50131.5,0.16,Buy
1619308858.7845,50131.5,0.01,Buy
1619308858.7845,50133.5,0.371,Buy
1619308858.7848,50133.5,0.014,Buy
1619308858.7848,50133.5,0.284,Buy
1619308859.9342,50133.0,0.003,Sell
1619308860.8646,50133.5,0.057,Buy
1619308861.9369,50133.0,0.002,Sell
1619308862.1308,50133.5,0.313,Buy
1619308863.3837,50133.5,0.022,Buy
1619308864.6512,50133.5,0.369,Buy
1619308865.1158,50133.5,0.189,Buy
1619308865.1158,50133.5,0.311,Buy
1619308866.9789,50133.0,1.539,Sell
1619308867.1063,50133.5,0.046,Buy
1619308870.2704,50133.5,0.069,Buy
1619308870.9238,50133.5,0.049,Buy
1619308870.9238,50133.5,0.01,Buy
1619308870.9238,50140.0,0.007,Buy
1619308873.3393,50140.0,0.09,Buy
1619308875.8641,50140.0,0.05,Buy
1619308877.1571,50140.0,0.2,Buy
1619308877.4824,50140.0,0.153,Buy
1619308877.4824,50140.0,0.017,Buy
1619308877.5381,50145.0,0.001,Buy
1619308877.5381,50146.0,0.003,Buy
1619308881.548,50150.0,0.017,Buy
1619308881.548,50150.0,0.003,Buy
1619308881.5586,50149.5,0.005,Sell
1619308881.5586,50149.5,0.001,Sell
1619308881.6331,50150.0,0.2,Buy
1619308881.6331,50150.0,0.033,Buy
1619308881.6331,50150.0,0.367,Buy
1619308881.6956,50160.0,0.001,Buy
1619308881.6956,50151.0,0.007,Buy
1619308881.6956,50152.0,0.001,Buy
1619308881.7096,50164.5,0.1,Buy
1619308881.7096,50168.0,0.002,Buy
1619308881.7096,50169.0,0.065,Buy
1619308881.7177,50169.0,0.009,Buy
1619308881.7271,50169.0,0.014,Buy
1619308881.8706,50168.5,0.052,Buy
1619308882.0813,50168.5,0.188,Buy
1619308882.2668,50168.5,0.01,Buy
1619308883.5575,50172.5,0.001,Buy
1619308883.5575,50173.0,0.001,Buy
1619308883.5575,50174.5,0.005,Buy
1619308883.5575,50174.5,0.002,Buy
1619308883.5777,50172.5,0.002,Buy
1619308883.5781,50172.5,0.007,Buy
1619308884.2124,50172.0,0.002,Sell
1619308885.7322,50177.0,0.015,Buy
1619308886.708,50177.0,0.03,Buy
1619308887.074,50177.0,0.016,Buy
1619308887.074,50177.0,0.7,Buy
1619308887.074,50177.0,0.184,Buy
1619308887.074,50177.0,0.1,Buy
1619308892.7649,50177.0,0.156,Buy
1619308892.8749,50176.5,0.027,Sell
1619308892.9168,50171.5,0.003,Sell
1619308894.9944,50145.0,0.001,Sell
1619308894.9944,50145.0,0.005,Sell
1619308895.0017,50145.5,3.815,Buy
1619308895.1941,50145.5,0.07,Buy
1619308895.1941,50145.5,0.012,Buy
1619308895.1941,50145.5,0.033,Buy
1619308895.1941,50145.5,0.015,Buy
1619308895.657,50145.0,1.5,Sell
1619308896.6412,50145.5,0.081,Buy
1619308897.1977,50145.0,5.784,Sell
1619308897.8779,50137.0,0.005,Sell
1619308898.1308,50123.5,0.158,Buy
1619308898.1308,50123.5,0.472,Buy
1619308900.2727,50123.5,0.285,Buy
1619308900.9373,50119.5,0.008,Sell
1619308900.9373,50116.0,0.001,Sell
1619308900.9373,50113.0,0.007,Sell
1619308900.9827,50099.0,0.016,Buy
1619308902.1027,50098.5,0.013,Sell
1619308902.1567,50098.5,0.628,Sell
1619308903.3056,50099.0,0.962,Buy
1619308904.5683,50111.5,0.002,Buy
1619308905.4718,50111.0,0.081,Sell
1619308912.8871,50108.5,0.025,Sell
1619308914.0396,50108.5,0.002,Sell
1619308914.5845,50108.5,0.167,Sell
1619308914.5845,50108.5,0.006,Sell
1619308914.5845,50108.5,0.003,Sell
1619308914.5845,50108.5,0.017,Sell
1619308914.5845,50108.5,0.035,Sell
1619308916.4503,50108.5,0.025,Sell
1619308916.9607,50108.5,0.01,Sell
1619308916.9607,50108.5,0.006,Sell
1619308917.4427,50108.5,0.075,Sell
1619308917.4427,50108.5,0.294,Sell
1619308917.6985,50108.5,0.017,Sell
1619308919.608,50101.5,0.01,Buy
1619308922.1331,50101.5,0.001,Buy
1619308924.2591,50079.0,6.552,Sell
1619308924.2591,50080.5,0.008,Sell
1619308924.2591,50082.5,0.049,Sell
1619308924.2591,50082.0,0.01,Sell
1619308924.2591,50096.0,0.01,Sell
1619308924.2591,50100.0,0.255,Sell
1619308924.2591,50100.0,0.176,Sell
1619308924.2591,50088.0,0.001,Sell
1619308924.2591,50082.5,0.064,Sell
1619308924.4308,50075.5,0.014,Buy
1619308925.4889,50075.0,0.007,Sell
1619308925.4889,50075.0,0.093,Sell
1619308926.2366,50060.0,0.001,Sell
1619308927.0231,50056.5,0.002,Buy
1619308927.942,50056.0,0.003,Sell
1619308927.9784,50056.5,0.039,Buy
1619308927.9784,50056.5,0.003,Buy
1619308928.0598,50056.5,0.002,Buy
1619308928.898,50056.0,0.708,Sell
1619308929.6329,50056.0,0.007,Sell
1619308930.1754,50055.0,0.001,Sell
1619308930.9976,50055.0,0.001,Sell
1619308931.2646,50055.0,0.014,Sell
1619308931.7729,50055.0,0.196,Sell
1619308932.0423,50055.0,0.17,Sell
1619308932.3488,50055.5,0.007,Buy
1619308933.3552,50055.0,0.008,Sell
1619308933.4572,50055.0,0.017,Sell
1619308933.6771,50050.0,0.024,Sell
1619308936.1816,50050.0,0.01,Sell
1619308938.2933,50050.0,0.024,Sell
1619308939.0581,50043.5,0.903,Sell
1619308939.0581,50050.0,0.009,Sell
1619308939.0581,50050.0,0.079,Sell
1619308939.0581,50050.0,0.042,Sell
1619308939.0581,50050.0,0.003,Sell
1619308940.5526,50044.0,0.014,Sell
1619308943.318,50044.0,0.025,Sell
1619308946.0998,50044.0,0.091,Sell
1619308946.1162,50042.0,0.001,Sell
1619308946.1162,50040.5,0.32,Sell
1619308946.126,50040.5,7.967,Sell
1619308946.1442,50039.5,0.168,Sell
1619308946.1442,50037.0,0.007,Sell
1619308946.3852,50029.5,0.189,Sell
1619308946.3902,50029.5,3.137,Sell
1619308947.2526,50028.0,0.024,Sell
1619308947.416,50026.0,0.01,Sell
1619308947.416,50020.0,0.002,Sell
1619308948.1595,50017.5,0.001,Sell
1619308949.5552,50017.5,0.049,Sell
1619308949.5563,50017.0,0.573,Sell
1619308949.638,50006.0,0.005,Sell
1619308949.638,50006.0,0.002,Sell
1619308949.6447,50006.5,0.029,Buy
1619308949.7004,50006.5,0.323,Buy
1619308949.7528,50006.0,3.815,Sell
1619308950.1934,50005.5,0.03,Sell
1619308950.1934,50005.5,0.534,Sell
1619308950.1934,50005.5,0.009,Sell
1619308950.1934,50005.5,3.137,Sell
1619308950.1934,50005.5,0.105,Sell
1619308950.3551,50003.0,0.002,Sell
1619308951.4382,50000.0,0.15,Sell
1619308951.4382,50000.0,0.01,Sell
1619308951.4382,50000.0,0.1,Sell
1619308951.4382,50000.0,0.002,Sell
1619308951.4382,50000.0,0.001,Sell
1619308951.4382,50000.0,0.002,Sell
1619308951.4382,50000.0,0.05,Sell
1619308951.4382,50001.0,0.61,Sell
1619308951.4382,50000.0,0.002,Sell
1619308951.4382,50000.0,0.04,Sell
1619308951.4466,49999.0,0.007,Sell
1619308951.4466,49993.5,0.306,Sell
1619308951.4469,49993.5,0.01,Sell
1619308952.1025,49986.0,0.022,Sell
1619308952.1025,49983.5,0.002,Sell
1619308952.1025,49982.5,0.01,Sell
1619308952.1109,49980.0,0.01,Sell
1619308952.1109,49975.0,0.093,Sell
1619308952.1109,49975.0,0.006,Sell
1619308952.1109,49974.5,0.002,Sell
1619308952.1109,49982.5,0.19,Sell
1619308952.1218,49986.5,0.002,Buy
1619308953.144,49975.0,0.091,Sell
1619308953.2623,49975.0,0.148,Sell
1619308953.2623,49975.0,0.137,Sell
1619308953.3538,49975.5,0.198,Buy
1619308953.3538,49975.5,0.302,Buy
1619308953.7036,49975.0,0.15,Sell
1619308954.1469,49975.0,0.002,Sell
1619308954.3406,49972.5,0.015,Sell
1619308954.4613,49972.5,0.015,Sell
1619308954.4613,49972.5,0.485,Sell
1619308954.545,49972.5,0.109,Sell
1619308954.8683,49972.5,0.054,Sell
1619308956.5314,49972.5,0.001,Sell
1619308956.7156,49972.5,0.058,Sell
1619308956.9041,49972.5,0.2,Sell
1619308957.0525,49972.5,0.472,Sell
1619308958.565,49972.5,0.005,Sell
1619308958.565,49972.5,0.566,Sell
1619308959.021,49972.5,0.028,Sell
1619308960.3071,49972.5,0.05,Sell
1619308960.7459,49972.5,0.002,Sell
1619308961.217,49972.5,0.009,Sell
1619308961.482,49972.5,0.002,Sell
1619308962.6886,49972.5,0.005,Sell
1619308963.1348,49972.5,0.112,Sell
1619308964.848,49972.5,0.006,Sell
1619308965.2672,49972.5,0.019,Sell
1619308967.2111,49972.5,0.002,Sell
1619308967.3413,49972.5,0.069,Sell
1619308967.4438,49972.5,0.296,Sell
1619308967.4438,49972.5,0.345,Sell
1619308967.5554,49967.0,0.253,Sell
1619308967.7407,49964.5,0.1,Sell
1619308967.7655,49950.0,1.331,Sell
1619308967.7655,49950.0,0.003,Sell
1619308967.7655,49950.0,0.003,Sell
1619308967.7655,49950.0,0.004,Sell
1619308967.7655,49950.0,0.411,Sell
1619308967.7655,49956.0,0.001,Sell
1619308967.7655,49957.0,0.005,Sell
1619308967.7655,49960.0,0.1,Sell
1619308967.7655,49961.0,0.007,Sell
1619308967.7655,49964.5,0.375,Sell
1619308967.7655,49950.0,0.01,Sell
1619308967.7757,49950.0,0.011,Sell
1619308967.8416,49948.5,0.001,Sell
1619308969.266,49941.5,0.3,Sell
1619308969.415,49937.0,0.565,Sell
1619308969.4371,49937.0,0.048,Sell
1619308969.4371,49937.0,0.176,Sell
1619308969.4415,49937.0,0.302,Sell
1619308969.444,49937.0,0.084,Sell
1619308969.6757,49937.0,0.104,Sell
1619308969.6811,49937.0,3.137,Sell
1619308969.7186,49937.0,0.66,Sell
1619308969.7196,49937.0,1.461,Sell
1619308969.7196,49937.0,1.728,Sell
1619308969.7225,49937.0,2.164,Sell
1619308969.7385,49924.0,0.54,Sell
1619308969.7385,49924.0,0.007,Sell
1619308969.7385,49926.0,0.001,Sell
1619308969.7385,49928.0,0.009,Sell
1619308969.7385,49933.5,0.005,Sell
1619308969.7385,49925.0,0.019,Sell
1619308969.7385,49935.0,0.008,Sell
1619308969.7471,49921.5,0.002,Sell
1619308969.7471,49922.0,0.001,Sell
1619308969.7471,49922.5,0.009,Sell
1619308969.7477,49937.0,0.115,Buy
1619308969.7578,49921.5,0.001,Sell
1619308969.7585,49921.5,0.157,Sell
1619308969.7585,49921.5,0.043,Sell
1619308969.771,49920.0,0.05,Sell
1619308969.771,49920.0,0.031,Sell
1619308969.8306,49919.0,0.002,Sell
1619308969.8306,49920.0,0.009,Sell
1619308969.8845,49918.0,0.05,Sell
1619308969.8845,49918.0,0.025,Sell
1619308969.8965,49918.0,0.171,Sell
1619308970.0888,49918.0,0.001,Sell
1619308970.4445,49917.0,0.018,Sell
1619308970.4445,49918.0,0.192,Sell
1619308970.4446,49910.5,0.094,Sell
1619308970.4446,49915.0,0.01,Sell
1619308970.4446,49915.0,0.05,Sell
1619308970.4446,49916.5,0.007,Sell
1619308970.4455,49910.5,6.651,Sell
1619308970.7124,49918.0,0.025,Sell
1619308972.3982,49918.0,0.15,Sell
1619308972.3982,49918.0,0.2,Sell
1619308972.3982,49918.0,0.15,Sell
1619308972.8522,49918.0,0.012,Sell
1619308973.3264,49918.0,0.058,Sell
1619308973.5812,49918.0,0.005,Sell
1619308974.1078,49906.0,0.002,Sell
1619308974.1078,49906.5,0.005,Sell
1619308974.2767,49901.0,0.001,Sell
1619308974.2767,49902.5,0.002,Sell
1619308974.2767,49902.0,0.001,Sell
1619308974.423,49900.0,0.016,Sell
1619308974.423,49900.0,0.001,Sell
1619308974.423,49900.0,0.002,Sell
1619308974.423,49900.0,0.001,Sell
1619308974.423,49900.0,0.003,Sell
1619308974.423,49900.0,0.04,Sell
1619308974.423,49900.0,0.002,Sell
1619308974.423,49900.0,0.03,Sell
1619308974.423,49900.0,0.003,Sell
1619308974.423,49900.0,0.05,Sell
1619308974.423,49900.0,0.002,Sell
1619308974.423,49900.0,0.3,Sell
1619308974.4321,49900.5,0.005,Buy
1619308974.4321,49897.0,0.025,Sell
1619308974.4321,49897.0,0.01,Sell
1619308974.4321,49897.0,0.113,Sell
1619308974.4321,49900.0,0.002,Sell
1619308974.4321,49900.0,0.05,Sell
1619308974.4321,49900.0,0.035,Sell
1619308974.4321,49900.5,0.01,Buy
1619308974.4321,49897.0,0.48,Sell
1619308974.4333,49897.0,1.014,Sell
1619308974.4461,49897.0,0.073,Sell
1619308974.4462,49897.0,0.013,Sell
1619308974.4462,49897.0,0.052,Sell
1619308974.6846,49896.0,0.996,Sell
1619308974.8392,49896.0,0.011,Sell
1619308974.8905,49896.0,0.001,Sell
1619308975.0779,49896.0,0.014,Sell
1619308975.4509,49896.0,0.067,Sell
1619308975.4549,49896.0,0.019,Sell
1619308975.7668,49896.0,0.009,Sell
1619308975.9831,49896.0,0.254,Sell
1619308976.1153,49890.5,0.02,Sell
1619308976.8062,49885.0,3.918,Sell
1619308976.8062,49885.0,0.025,Sell
1619308976.8062,49886.0,0.007,Sell
1619308976.8062,49890.0,0.05,Sell
1619308976.8145,49885.0,0.3,Sell
1619308976.8149,49885.0,0.349,Sell
1619308976.8151,49890.5,0.001,Buy
1619308976.8156,49890.5,0.246,Buy
1619308976.8156,49890.5,0.004,Buy
1619308977.1753,49885.0,0.121,Sell
1619308979.0963,49884.0,0.051,Sell
1619308980.5698,49884.5,0.246,Buy
1619308980.818,49884.5,0.146,Buy
1619308980.947,49884.0,0.079,Sell
1619308981.0435,49884.0,0.121,Sell
1619308981.1308,49884.0,0.057,Sell
1619308982.5908,49885.0,0.003,Buy
1619308982.8294,49885.0,0.043,Buy
1619308982.8294,49885.0,0.024,Buy
1619308983.0717,49908.5,0.004,Sell
1619308983.557,49908.5,0.001,Sell
1619308983.6152,49909.0,0.132,Buy
1619308983.8839,49908.5,0.06,Sell
1619308983.9126,49909.0,0.005,Buy
1619308983.9235,49909.0,0.179,Buy
1619308984.0562,49908.5,0.012,Sell
1619308984.129,49907.5,0.005,Buy
1619308984.129,49907.5,0.495,Buy
1619308984.5206,49907.5,0.775,Buy
1619308985.5289,49907.5,0.015,Buy
1619308986.7156,49907.5,1.0,Buy
1619308986.9842,49907.5,0.033,Buy
1619308988.0066,49907.5,0.005,Buy
1619308989.3273,49907.5,0.092,Buy
1619308989.3273,49907.5,0.218,Buy
1619308992.1479,49909.0,0.872,Buy
1619308992.1479,49908.0,0.04,Buy
1619308992.2118,49918.0,1.0,Buy
1619308992.2773,49924.0,0.007,Buy
1619308992.2773,49924.0,0.001,Buy
1619308993.3119,49939.0,0.201,Buy
1619308993.3306,49939.0,0.002,Buy
1619308993.3314,49939.0,0.005,Buy
1619308993.6463,49939.0,0.011,Buy
1619308994.7807,49939.0,0.058,Buy
1619308995.4946,49940.0,0.05,Buy
1619308996.5086,49940.0,0.005,Buy
1619308996.9824,49940.0,0.01,Buy
1619308998.5804,49940.0,0.3,Buy
1619308998.5804,49940.0,0.037,Buy
1619308998.5804,49940.0,0.06,Buy
1619308998.7516,49940.0,0.005,Buy
1619308999.1882,49940.0,0.059,Buy
1619308999.9057,49940.0,0.027,Buy
1619309000.6061,49940.0,0.005,Buy
1619309000.7304,49940.0,0.021,Buy
1619309002.1917,49935.5,0.13,Sell
1619309002.1917,49935.5,0.001,Sell
1619309003.176,49936.0,0.059,Buy
1619309004.8181,49936.0,0.017,Buy
1619309004.8181,49940.0,0.001,Buy
1619309005.4202,49953.0,0.005,Buy
1619309006.7264,49950.5,0.01,Sell
1619309006.8154,49951.0,0.005,Buy
1619309007.1537,49950.5,0.06,Sell
1619309007.1537,49950.5,1.418,Sell
1619309008.3191,49951.0,0.005,Buy
1619309008.686,49951.0,7.125,Buy
1619309008.9978,49951.0,0.016,Buy
1619309010.4129,49950.5,3.137,Sell
1619309011.3507,49936.5,0.34,Sell
1619309011.3507,49935.5,0.009,Sell
1619309013.063,49928.0,0.602,Sell
1619309017.3937,49936.0,0.42,Sell
1619309019.2715,49950.5,0.005,Buy
1619309020.3182,49950.0,0.026,Sell
1619309020.6463,49950.0,0.017,Sell
1619309020.9695,49950.5,0.005,Buy
1619309021.8236,49950.0,0.2,Sell
1619309024.5103,49950.5,0.02,Buy
1619309024.5103,49950.5,0.017,Buy
1619309024.5103,49950.5,0.1,Buy
1619309024.5103,49950.5,0.3,Buy
1619309024.5103,49950.5,0.007,Buy
1619309024.5103,49950.5,0.056,Buy
1619309025.076,49950.5,0.004,Buy
1619309025.076,49951.0,0.004,Buy
1619309025.076,49961.0,0.007,Buy
1619309026.1149,49979.5,0.008,Sell
1619309027.0054,49980.0,0.051,Buy
1619309028.3341,49980.0,0.029,Buy
1619309028.4001,49985.0,0.001,Buy
1619309028.4123,49987.0,0.003,Sell
1619309030.6279,49987.0,0.003,Sell
1619309030.7374,49987.5,0.027,Buy
1619309030.7691,49989.5,0.557,Sell
1619309030.7828,49990.0,0.05,Buy
1619309030.8568,49999.0,0.007,Buy
1619309030.8812,50000.0,0.05,Buy
1619309030.8812,50000.0,0.018,Buy
1619309030.8812,50000.0,0.04,Buy
1619309030.8812,50000.0,0.031,Buy
1619309030.9569,50006.0,0.002,Buy
1619309031.3973,50020.0,0.002,Buy
1619309031.4056,50030.5,0.134,Buy
1619309031.4056,50030.5,0.001,Buy
1619309031.4056,50022.0,0.185,Buy
1619309032.2598,50030.5,0.106,Buy
1619309032.6109,50030.0,0.003,Sell
1619309032.9565,50037.0,0.007,Buy
1619309032.957,50037.0,0.012,Buy
1619309033.8823,50047.0,0.073,Buy
1619309034.394,50050.0,0.179,Buy
1619309034.394,50050.0,0.003,Buy
1619309034.394,50050.0,0.05,Buy
1619309034.5125,50071.0,0.003,Sell
1619309034.6116,50071.0,0.7,Sell
1619309035.7069,50075.0,0.01,Buy
1619309036.0187,50075.0,0.012,Buy
1619309036.106,50075.0,0.001,Buy
1619309036.4325,50074.5,0.003,Sell
1619309037.7716,50075.0,1.015,Buy
1619309037.7716,50075.0,0.05,Buy
1619309037.7716,50075.0,0.15,Buy
1619309037.7716,50075.0,0.007,Buy
1619309037.7716,50075.0,0.177,Buy
1619309038.0763,50076.0,2.793,Sell
1619309038.4428,50066.0,0.003,Sell
1619309038.8642,50055.5,0.015,Sell
1619309040.1815,50060.0,0.001,Sell
1619309040.6746,50060.0,0.003,Sell
1619309042.9367,50075.0,0.081,Sell
1619309043.3972,50077.0,0.002,Buy
1619309043.5576,50086.0,0.073,Sell
1619309043.569,50086.5,0.014,Buy
1619309044.0633,50086.0,0.003,Sell
1619309044.2073,50086.5,0.013,Buy
1619309046.0968,50088.0,0.001,Buy
1619309046.0981,50090.5,0.006,Buy
1619309047.0477,50092.0,0.018,Buy
1619309047.2748,50096.0,0.003,Sell
1619309047.9949,50100.0,0.015,Buy
1619309049.1029,50100.0,0.002,Buy
1619309049.1029,50100.0,1.683,Buy
1619309049.1029,50100.0,0.157,Buy
1619309049.1029,50100.0,0.002,Buy
1619309049.1029,50100.0,0.035,Buy
1619309049.193,50099.5,0.003,Sell
1619309049.4352,50100.0,0.017,Buy
1619309049.6561,50107.0,0.002,Buy
1619309049.6618,50107.0,0.007,Buy
1619309049.7372,50107.5,0.001,Buy
1619309049.7558,50113.0,0.007,Buy
1619309049.7659,50115.5,0.42,Buy
1619309050.3163,50120.0,0.002,Buy
1619309050.3163,50116.0,0.001,Buy
1619309050.6516,50122.5,0.377,Buy
1619309050.9429,50124.5,0.416,Buy
1619309050.9429,50124.5,0.002,Buy
1619309050.9429,50125.5,2.719,Buy
1619309051.0357,50126.0,0.001,Buy
1619309051.6582,50131.0,0.001,Buy
1619309051.6582,50131.0,3.0,Buy
1619309051.6582,50133.0,0.814,Buy
1619309051.957,50139.5,3.815,Buy
1619309051.9933,50141.0,0.007,Buy
1619309052.3367,50143.0,0.006,Sell
1619309052.4941,50143.5,0.2,Buy
1619309052.6111,50143.0,0.001,Sell
1619309052.9372,50145.0,0.001,Buy
1619309053.3191,50149.5,0.006,Buy
1619309053.4386,50150.0,0.003,Buy
1619309053.4386,50150.0,0.022,Buy
1619309053.6218,50152.0,0.001,Buy
1619309053.6218,50151.0,0.007,Buy
1619309053.6218,50150.0,0.028,Buy
1619309053.6218,50150.0,0.212,Buy
1619309053.6437,50160.0,0.131,Buy
1619309053.704,50160.0,0.259,Buy
1619309053.7384,50165.0,1.318,Buy
1619309053.7384,50165.0,0.85,Buy
1619309054.2029,50176.0,0.023,Buy
1619309054.2029,50173.0,0.001,Buy
1619309054.2029,50172.5,0.002,Buy
1619309054.3835,50176.0,3.189,Buy
1619309055.4045,50176.0,0.088,Buy
1619309056.1203,50176.0,0.006,Buy
1619309056.3577,50176.0,0.025,Buy
1619309056.3577,50176.0,0.106,Buy
1619309056.4009,50176.0,0.058,Buy
1619309056.5326,50180.5,0.446,Buy
1619309056.8538,50182.5,0.014,Sell
1619309057.0036,50183.0,0.1,Buy
1619309057.0036,50185.0,0.041,Buy
1619309057.0036,50187.5,0.274,Buy
1619309057.0123,50187.5,0.027,Buy
1619309057.1067,50189.0,0.007,Buy
1619309057.8369,50190.0,0.044,Buy
1619309057.8369,50190.0,0.045,Buy
1619309057.8369,50190.0,0.058,Buy
1619309057.8537,50199.0,0.088,Buy
1619309057.8577,50200.0,0.01,Buy
1619309057.8577,50200.0,0.033,Buy
1619309057.8577,50194.5,0.971,Buy
1619309057.8577,50200.0,0.001,Buy
1619309057.8577,50200.0,0.001,Buy
1619309057.8577,50200.0,0.002,Buy
1619309057.8577,50200.0,0.002,Buy
1619309057.8577,50200.0,0.05,Buy
1619309057.8577,50200.0,0.001,Buy
1619309057.8577,50199.0,0.312,Buy
1619309057.8577,50201.0,0.778,Buy
1619309057.8628,50198.5,0.549,Sell
1619309057.8806,50208.5,0.004,Buy
1619309057.8806,50202.0,0.001,Buy
1619309057.8806,50205.5,0.001,Buy
1619309057.8806,50206.0,0.1,Buy
1619309057.8806,50208.0,0.002,Buy
1619309058.602,50208.5,0.006,Buy
1619309058.6597,50208.5,0.058,Buy
1619309058.6597,50208.5,0.035,Buy
1619309058.6597,50210.0,0.001,Buy
1619309058.6597,50208.5,0.044,Buy
1619309058.6686,50220.0,0.011,Buy
1619309058.6686,50215.0,0.001,Buy
1619309059.0603,50220.0,0.049,Buy
1619309059.0603,50220.0,0.001,Buy
1619309059.0603,50220.0,0.001,Buy
1619309059.0603,50221.0,0.002,Buy
1619309059.0603,50221.0,0.002,Buy
1619309059.0603,50224.0,0.024,Buy
1619309059.0603,50226.0,1.59,Buy
1619309059.0603,50226.5,1.2,Buy
1619309059.0603,50226.5,1.131,Buy
1619309059.0851,50227.5,0.015,Buy
1619309059.0851,50227.5,0.045,Buy
1619309059.0851,50227.0,0.007,Buy
1619309059.2767,50227.5,0.044,Buy
1619309059.2767,50231.0,0.1,Buy
1619309059.2767,50230.0,0.001,Buy
1619309059.2767,50227.5,0.043,Buy
1619309059.3008,50238.0,0.001,Buy
1619309059.3008,50240.0,0.027,Buy
1619309059.583,50249.0,0.276,Buy
1619309059.583,50244.0,0.001,Buy
1619309059.583,50240.0,0.723,Buy
1619309059.6055,50249.0,0.05,Buy
1619309059.6056,50249.0,0.019,Buy
1619309061.5607,50248.5,0.18,Sell
1619309061.6103,50248.5,0.083,Sell
1619309061.6106,50248.5,0.148,Sell
1619309061.6373,50248.5,0.083,Sell
1619309061.8717,50244.0,0.064,Sell
1619309063.0131,50242.5,0.012,Sell
1619309063.2641,50242.5,0.161,Buy
1619309063.4734,50234.0,0.027,Sell
1619309063.8371,50234.0,0.073,Sell
1619309063.9237,50211.5,3.295,Sell
1619309063.9237,50211.5,0.637,Sell
1619309063.9237,50211.5,0.1,Sell
1619309064.0173,50208.5,0.1,Buy
1619309066.0424,50208.0,0.196,Sell
1619309066.0424,50208.0,0.05,Sell
1619309066.1555,50208.0,0.013,Sell
1619309066.7725,50208.5,0.022,Buy
1619309066.7728,50208.0,0.1,Sell
1619309066.8538,50208.5,0.002,Buy
1619309066.9352,50208.0,0.006,Sell
1619309066.9352,50202.0,0.001,Sell
1619309066.9352,50197.5,0.1,Sell
1619309066.9352,50187.0,3.286,Sell
1619309066.9352,50189.0,0.007,Sell
1619309066.9352,50189.5,0.1,Sell
1619309067.4106,50187.5,0.162,Sell
1619309067.4106,50187.5,0.3,Sell
1619309067.4106,50187.5,0.07,Sell
1619309067.6832,50188.0,0.081,Buy
1619309068.7942,50204.5,0.017,Sell
1619309068.8834,50205.0,0.01,Buy
1619309069.2848,50205.0,0.06,Buy
1619309069.7094,50204.5,1.543,Sell
1619309070.4274,50186.0,0.904,Buy
1619309070.6048,50188.5,0.189,Buy
1619309070.606,50185.5,0.14,Sell
1619309070.606,50185.5,0.106,Sell
1619309072.4279,50203.5,0.941,Sell
1619309072.4279,50203.5,0.23,Sell
1619309072.8607,50203.5,0.014,Sell
1619309076.4536,50187.5,0.002,Sell
1619309077.8938,50187.5,0.017,Sell
1619309078.1167,50167.5,0.062,Sell
1619309078.1167,50173.0,0.001,Sell
1619309078.1167,50187.5,0.018,Sell
1619309079.5444,50168.0,0.2,Buy
1619309080.5363,50167.5,0.015,Sell
1619309080.6183,50167.5,0.35,Sell
1619309080.8973,50168.0,0.012,Buy
1619309080.9013,50167.5,0.86,Sell
1619309080.9013,50167.5,0.135,Sell
1619309080.9013,50179.0,0.005,Sell
1619309081.0294,50181.0,1.012,Sell
1619309082.8383,50155.5,0.414,Buy
1619309082.9918,50155.0,1.177,Sell
1619309086.0315,50166.0,1.211,Sell
1619309087.111,50166.0,0.081,Sell
1619309091.5197,50166.5,0.213,Buy
1619309091.7414,50166.0,0.06,Sell
1619309094.4797,50166.5,0.032,Buy
1619309095.1029,50164.0,0.001,Sell
1619309098.5499,50164.0,0.008,Sell
1619309098.5499,50164.0,0.017,Sell
1619309098.7115,50164.5,0.009,Buy
1619309099.7069,50164.0,0.273,Sell
1619309099.7069,50164.0,0.062,Sell
1619309099.7069,50164.0,0.062,Sell
1619309100.054,50164.5,0.017,Buy
1619309101.3301,50164.0,0.575,Sell
1619309101.3301,50164.0,0.3,Sell
1619309101.3301,50164.0,3.125,Sell
1619309103.559,50164.5,0.2,Buy
1619309105.3258,50164.0,0.115,Sell
1619309109.1273,50164.5,0.085,Buy
1619309109.1273,50164.5,0.074,Buy
1619309109.4025,50164.0,0.025,Sell
1619309111.3384,50164.0,0.09,Sell
1619309111.6759,50164.5,0.025,Buy
1619309115.9025,50151.0,0.006,Sell
1619309115.9025,50164.0,0.01,Sell
1619309115.9122,50150.0,0.012,Sell
1619309115.9122,50151.0,0.001,Sell
1619309116.1312,50150.5,0.024,Buy
1619309118.4368,50150.0,0.066,Sell
1619309118.5176,50145.0,0.001,Sell
1619309119.754,50141.5,0.3,Sell
1619309119.754,50141.5,0.028,Sell
1619309119.754,50141.5,1.534,Sell
1619309119.754,50141.5,0.017,Sell
1619309120.5002,50141.5,0.288,Sell
1619309121.6142,50142.0,0.004,Buy
1619309126.0338,50121.5,0.01,Buy
1619309126.2565,50121.0,0.002,Sell
1619309129.2365,50121.0,0.79,Sell
1619309132.0853,50120.0,0.002,Sell
1619309134.4295,50116.0,0.001,Sell
1619309135.374,50113.0,0.007,Sell
1619309135.7025,50111.0,0.01,Sell
1619309135.7305,50107.0,0.5,Sell
1619309135.7305,50107.0,0.002,Sell
1619309137.4983,50100.0,0.096,Sell
1619309137.4983,50100.0,0.002,Sell
1619309137.4983,50100.0,0.002,Sell
1619309138.9517,50100.0,0.046,Sell
1619309138.9517,50100.0,0.004,Sell
1619309139.0833,50100.0,0.08,Sell
1619309141.3921,50091.5,0.019,Sell
1619309142.3972,50088.0,0.001,Sell
1619309143.2087,50083.0,0.093,Sell
1619309144.3319,50083.0,0.001,Sell
1619309145.6848,50075.5,3.765,Sell
1619309145.6848,50078.0,0.05,Sell
1619309146.1142,50076.0,0.001,Buy
1619309146.1143,50075.5,1.973,Sell
1619309146.1143,50075.5,1.842,Sell
1619309149.5644,50076.0,0.014,Buy
1619309151.2906,50075.5,0.053,Sell
1619309155.8405,50075.5,0.001,Sell
1619309156.8539,50075.5,0.602,Sell
1619309162.0554,50075.5,0.086,Sell
1619309166.1183,50076.0,0.056,Buy
1619309166.1183,50076.0,0.07,Buy
1619309166.1183,50076.0,1.644,Buy
1619309169.7185,50076.0,0.016,Buy
1619309172.0547,50076.0,3.731,Buy
1619309172.0547,50076.0,0.084,Buy
1619309172.3496,50076.0,0.23,Buy
1619309172.3501,50076.0,0.027,Buy
1619309172.3857,50076.0,0.027,Buy
1619309172.3951,50076.0,0.12,Buy
1619309173.5502,50076.0,0.007,Buy
1619309173.7902,50076.0,1.642,Buy
1619309173.7902,50076.0,1.0,Buy
1619309173.7902,50076.0,0.001,Buy
1619309173.7905,50077.0,0.003,Buy
1619309173.9083,50099.0,0.053,Buy
1619309174.2607,50099.0,0.021,Buy
1619309174.2607,50116.0,0.001,Buy
1619309174.2607,50120.0,0.005,Buy
1619309174.2607,50100.0,0.009,Buy
1619309174.2607,50120.5,0.07,Buy
1619309174.2607,50100.0,0.03,Buy
1619309174.2607,50100.0,0.11,Buy
1619309174.2607,50119.5,0.1,Buy
1619309174.7062,50120.5,0.03,Buy
1619309174.7062,50120.5,0.099,Buy
1619309181.2764,50120.0,0.07,Buy
1619309185.1201,50121.5,0.125,Buy
1619309185.2291,50121.0,0.006,Sell
1619309185.3387,50121.0,0.035,Sell
1619309194.0576,50121.0,0.125,Sell
1619309194.0576,50121.0,0.029,Sell
1619309194.227,50120.0,0.699,Sell
1619309194.3002,50119.5,0.01,Sell
1619309201.7981,50088.0,0.001,Sell
1619309206.0926,50090.0,0.01,Buy
1619309206.8099,50092.5,0.01,Sell
1619309208.236,50100.0,0.025,Buy
1619309208.7962,50115.0,0.004,Buy
1619309208.7962,50116.0,0.001,Buy
1619309208.9041,50119.0,0.01,Sell
1619309209.3812,50119.5,0.002,Buy
1619309209.3959,50120.5,0.007,Buy
1619309209.3959,50120.5,0.002,Buy
1619309209.6061,50119.5,0.001,Sell
1619309216.6649,50124.5,0.024,Buy
1619309217.4156,50142.0,0.03,Buy
1619309221.6668,50131.0,0.136,Sell
1619309230.6924,50120.0,0.038,Buy
1619309233.7321,50119.5,0.038,Sell
1619309236.5612,50119.5,0.061,Sell
1619309236.5612,50119.5,0.015,Sell
1619309247.7562,50119.5,0.75,Sell
1619309247.7562,50119.5,1.0,Sell
1619309247.78,50118.0,0.089,Sell
1619309250.4673,50095.5,0.201,Buy
1619309251.2796,50095.5,0.2,Buy
1619309254.5475,50095.0,0.2,Sell
1619309255.2823,50095.5,0.8,Buy
1619309255.4722,50095.0,0.007,Sell
1619309259.8447,50095.5,0.119,Buy
1619309276.1469,50095.5,0.017,Buy
1619309276.1469,50095.5,0.3,Buy
1619309276.1469,50095.5,0.441,Buy
1619309282.6524,50095.5,0.002,Buy
1619309282.653,50095.5,0.014,Buy
1619309282.6539,50095.5,0.014,Buy
1619309282.7877,50095.5,0.009,Buy
1619309282.7944,50095.5,0.005,Buy
1619309282.8164,50095.5,0.01,Buy
1619309282.8411,50095.5,0.04,Buy
1619309282.8449,50095.5,0.05,Buy
1619309282.8463,50095.5,0.014,Buy
1619309282.8468,50095.5,0.04,Buy
1619309282.8535,50095.5,0.02,Buy
1619309282.8553,50095.5,0.018,Buy
1619309282.8628,50095.5,0.008,Buy
1619309282.9989,50095.5,0.014,Buy
1619309283.0081,50095.5,0.069,Buy
1619309283.0105,50095.5,0.012,Buy
1619309283.0114,50095.5,0.063,Buy
1619309283.0132,50095.5,0.096,Buy
1619309283.0135,50095.5,0.015,Buy
1619309283.0141,50095.5,0.014,Buy
1619309283.0154,50095.5,0.005,Buy
1619309283.016,50095.5,0.033,Buy
1619309283.0169,50095.5,0.219,Buy
1619309283.0172,50095.5,0.006,Buy
1619309283.0193,50095.5,0.028,Buy
1619309285.2514,50095.5,0.001,Buy
1619309291.9162,50095.5,0.001,Buy
1619309292.6569,50095.0,0.005,Sell
1619309298.0674,50095.5,0.001,Buy
1619309299.1293,50095.0,0.025,Sell
1619309299.1293,50095.0,4.0,Sell
1619309301.5813,50094.0,0.024,Buy
1619309302.5791,50093.5,0.136,Sell
1619309303.6753,50092.5,0.004,Buy
1619309316.4358,50092.0,0.002,Sell
1619309317.7808,50092.0,0.63,Sell
1619309318.1408,50092.0,0.232,Sell
1619309318.1408,50092.0,4.761,Sell
1619309326.6574,50092.5,2.016,Buy
1619309337.5261,50092.5,0.005,Buy
1619309338.6645,50092.5,0.005,Buy
1619309341.807,50092.5,0.005,Buy
1619309342.3449,50092.5,0.023,Buy
1619309343.3782,50092.5,0.02,Buy
1619309343.3815,50092.5,0.001,Buy
1619309343.5402,50095.5,0.008,Buy
1619309343.5402,50095.0,0.001,Buy
1619309343.6712,50100.0,0.1,Buy
1619309343.6712,50100.0,0.047,Buy
1619309343.7806,50122.0,0.019,Sell
1619309344.5732,50125.0,0.176,Buy
1619309344.8692,50125.0,0.021,Buy
1619309344.8694,50125.0,0.045,Buy
1619309344.8966,50130.0,0.003,Buy
1619309344.8966,50125.0,0.013,Buy
1619309345.3164,50145.0,0.001,Buy
1619309345.3164,50151.0,0.007,Buy
1619309356.4384,50164.0,0.001,Buy
1619309356.7963,50173.0,0.001,Buy
1619309356.8596,50177.5,0.005,Sell
1619309357.4747,50177.5,0.002,Sell
1619309358.1762,50189.0,0.007,Buy
1619309360.2524,50199.0,0.002,Buy
1619309361.692,50199.0,0.017,Buy
1619309364.0853,50199.0,0.05,Buy
1619309364.594,50199.0,0.001,Buy
1619309365.1281,50199.0,0.044,Buy
1619309366.4962,50199.0,0.2,Buy
1619309366.9919,50197.5,0.041,Sell
1619309366.9927,50197.5,0.025,Sell
1619309368.4986,50198.0,0.602,Buy
1619309369.2864,50197.5,0.02,Sell
1619309369.6424,50197.5,1.887,Sell
1619309369.6424,50197.5,0.129,Sell
1619309371.866,50197.5,0.081,Sell
1619309372.6046,50198.0,0.641,Buy
1619309373.3793,50198.0,0.005,Buy
1619309373.7417,50197.5,0.001,Sell
1619309376.0461,50197.5,0.246,Sell
1619309378.9438,50198.0,0.2,Buy
1619309378.9438,50198.0,0.4,Buy
1619309380.4665,50198.0,0.043,Buy
1619309382.0236,50197.5,0.2,Sell
1619309382.2394,50197.5,0.002,Sell
1619309383.0258,50198.0,0.047,Buy
1619309383.5857,50197.5,0.001,Sell
1619309385.1973,50186.0,0.1,Sell
1619309385.1973,50179.5,0.005,Sell
1619309385.1973,50184.0,0.049,Sell
1619309385.1973,50184.5,0.1,Sell
1619309385.1973,50197.5,0.1,Sell
1619309385.1973,50197.5,0.001,Sell
1619309385.1973,50186.0,0.1,Sell
1619309386.3744,50180.0,0.219,Buy
1619309387.4683,50179.5,0.001,Sell
1619309389.3357,50193.0,0.017,Buy
1619309389.3357,50193.0,0.005,Buy
1619309389.7417,50192.5,0.001,Sell
1619309393.4436,50190.5,0.001,Sell
1619309396.2077,50190.5,0.024,Sell
1619309396.2077,50190.5,0.045,Sell
1619309397.371,50179.5,0.041,Sell
1619309401.4479,50179.5,1.0,Sell
1619309403.9694,50151.0,0.006,Sell
1619309403.9965,50151.0,0.001,Sell
1619309408.0923,50151.0,0.023,Sell
1619309408.6149,50173.0,0.167,Buy
1619309408.6149,50163.0,0.1,Buy
1619309408.6149,50162.0,0.026,Buy
1619309408.6149,50160.5,0.1,Buy
1619309408.6149,50151.5,0.015,Buy
1619309408.6149,50151.5,0.07,Buy
1619309408.959,50172.0,0.02,Sell
1619309410.8025,50161.0,0.003,Buy
1619309415.2319,50150.5,0.378,Buy
1619309421.9654,50150.0,0.017,Sell
1619309421.9654,50150.0,0.259,Sell
1619309421.9654,50150.0,0.041,Sell
1619309421.9654,50150.0,0.643,Sell
1619309421.9654,50150.0,0.563,Sell
1619309423.9533,50150.0,0.005,Sell
1619309432.5962,50150.5,0.024,Buy
1619309437.6741,50150.5,0.08,Buy
1619309439.3138,50150.5,0.024,Buy
1619309445.1396,50150.5,0.021,Buy
1619309445.1396,50150.5,0.011,Buy
1619309445.1396,50150.5,0.025,Buy
1619309445.5593,50150.0,0.02,Sell
1619309446.1897,50150.0,0.014,Sell
1619309449.9109,50150.0,0.247,Sell
1619309461.6123,50150.5,0.022,Buy
1619309461.6123,50150.5,0.006,Buy
1619309461.6123,50150.5,0.001,Buy
1619309462.7881,50150.5,0.01,Buy
1619309464.3312,50150.5,0.105,Buy
1619309466.7137,50150.5,0.078,Buy
1619309466.7737,50150.5,0.01,Buy
1619309467.6168,50150.5,0.03,Buy
1619309468.1669,50150.5,0.11,Buy
1619309468.1669,50150.5,0.086,Buy
1619309468.1669,50150.5,0.027,Buy
1619309468.1669,50150.5,0.017,Buy
1619309468.1669,50150.5,0.06,Buy
1619309472.0602,50150.5,0.022,Buy
1619309478.8841,50150.5,0.002,Buy
1619309479.403,50150.0,0.002,Sell
1619309479.403,50150.0,0.031,Sell
1619309479.403,50150.0,0.011,Sell
1619309479.403,50150.0,0.005,Sell
1619309480.1426,50148.5,0.01,Sell
1619309480.7238,50145.0,0.001,Sell
1619309480.7238,50136.0,0.002,Sell
1619309480.7238,50148.5,0.007,Sell
1619309480.9548,50136.0,0.004,Sell
1619309481.0668,50136.0,0.001,Sell
1619309481.8645,50136.0,0.042,Sell
1619309484.0983,50136.5,0.004,Buy
1619309484.0983,50136.5,0.012,Buy
1619309484.226,50136.0,0.01,Sell
1619309484.6562,50136.0,0.01,Sell
1619309485.192,50136.0,0.331,Sell
1619309485.2492,50132.5,1.0,Sell
1619309485.8708,50111.0,0.075,Sell
1619309485.8708,50113.0,0.007,Sell
1619309485.8708,50116.0,0.001,Sell
1619309486.6633,50098.0,0.822,Sell
1619309486.6633,50107.0,0.023,Sell
1619309486.6633,50111.0,0.925,Sell
1619309486.6706,50111.5,0.008,Buy
1619309486.671,50098.0,0.043,Sell
1619309489.3093,50095.0,0.315,Sell
1619309494.2665,50095.0,0.002,Sell
1619309494.3968,50095.5,0.203,Buy
1619309495.1732,50095.0,0.069,Sell
1619309497.8311,50095.0,0.128,Sell
1619309498.3899,50095.5,0.722,Buy
1619309499.0832,50095.0,0.044,Sell
1619309504.0583,50095.5,0.247,Buy
1619309508.0286,50095.5,0.004,Buy
1619309511.4287,50095.5,0.02,Buy
1619309511.5228,50098.5,0.017,Buy
1619309513.746,50100.0,0.095,Buy
1619309513.7678,50100.0,0.005,Buy
1619309513.7678,50100.0,0.001,Buy
1619309514.7235,50134.5,0.033,Buy
1619309515.159,50134.5,0.01,Buy
1619309522.9964,50134.5,0.001,Buy
1619309523.931,50134.5,0.299,Buy
1619309523.931,50135.0,0.167,Buy
1619309523.931,50144.0,0.049,Buy
1619309523.931,50145.0,0.001,Buy
1619309523.931,50149.0,0.001,Buy
1619309523.931,50153.0,0.006,Buy
1619309523.931,50151.0,0.007,Buy
1619309523.931,50150.0,0.002,Buy
1619309524.4407,50153.0,0.045,Buy
1619309526.0931,50153.0,0.057,Buy
1619309526.6369,50152.5,0.011,Sell
1619309530.4532,50153.0,0.003,Buy
1619309530.9978,50152.5,0.012,Sell
1619309532.0289,50134.5,0.221,Sell
1619309532.0289,50134.5,0.09,Sell
1619309532.0289,50134.5,0.003,Sell
1619309532.9009,50142.5,0.02,Buy
1619309534.3318,50144.5,0.004,Sell
1619309535.458,50144.5,0.1,Sell
1619309542.5723,50143.5,0.13,Sell
1619309543.6935,50144.0,0.042,Buy
1619309544.4607,50143.5,0.002,Sell
1619309546.1671,50144.0,0.028,Buy
1619309546.1671,50144.0,0.012,Buy
1619309549.6674,50153.0,0.001,Buy
1619309549.6674,50153.0,0.001,Buy
1619309549.6674,50153.0,0.01,Buy
1619309549.6674,50153.0,0.002,Buy
1619309549.6674,50153.0,0.009,Buy
1619309549.6674,50153.0,0.004,Buy
1619309549.6674,50153.0,0.035,Buy
1619309549.6674,50153.0,0.071,Buy
1619309549.6674,50153.0,0.142,Buy
1619309549.6674,50153.0,0.284,Buy
1619309549.6674,50153.0,0.018,Buy
1619309554.9505,50172.5,0.295,Sell
1619309560.0731,50173.0,0.001,Buy
1619309560.0731,50173.0,0.005,Buy
1619309565.4795,50173.0,0.06,Buy
1619309565.9173,50172.5,0.001,Sell
1619309565.936,50171.0,0.001,Sell
1619309565.953,50171.0,0.006,Sell
1619309573.0249,50161.5,0.03,Sell
1619309576.3532,50179.5,0.001,Sell
1619309582.4676,50179.5,0.005,Sell
1619309582.6036,50180.0,0.075,Buy
1619309584.8262,50180.0,0.003,Buy
1619309586.3151,50179.5,0.001,Sell
1619309586.3151,50179.5,0.007,Sell
1619309586.3151,50179.5,0.005,Sell
1619309586.9313,50179.5,0.003,Sell
1619309591.7282,50180.0,0.001,Buy
1619309595.7913,50186.0,0.503,Buy
1619309595.7913,50189.0,0.007,Buy
1619309595.7913,50190.5,0.09,Buy
1619309595.8004,50185.5,0.029,Sell
1619309595.9723,50190.0,0.011,Sell
1619309596.6351,50190.0,0.246,Sell
1619309597.3481,50190.0,0.019,Sell
1619309598.9897,50193.0,0.1,Buy
1619309600.9243,50194.5,0.19,Buy
1619309602.5564,50194.5,0.035,Buy
1619309606.3365,50194.5,0.008,Buy
1619309611.0213,50194.5,0.1,Buy
1619309612.404,50194.0,0.005,Sell
1619309612.6579,50194.5,0.025,Buy
1619309615.8383,50194.5,0.167,Buy
1619309615.8383,50194.5,0.024,Buy
1619309623.1647,50190.5,0.06,Buy
1619309627.139,50172.5,3.396,Sell
1619309632.1862,50173.0,0.025,Buy
1619309633.7771,50172.5,0.008,Sell
1619309634.1064,50172.5,0.025,Sell
1619309644.7551,50160.0,0.011,Sell
1619309645.7471,50160.0,0.008,Sell
1619309646.5446,50160.0,0.06,Sell
1619309648.2783,50160.0,0.106,Sell
1619309648.3644,50160.5,0.001,Buy
1619309653.2131,50170.5,0.015,Buy
1619309658.9508,50170.5,0.033,Buy
1619309665.2357,50175.0,0.008,Sell
1619309666.7569,50175.0,0.002,Sell
1619309675.5225,50175.0,0.002,Sell
1619309681.2978,50175.5,0.001,Buy
1619309681.316,50177.5,0.01,Buy
1619309691.9167,50183.5,0.044,Sell
1619309691.9167,50183.5,0.006,Sell
1619309693.7042,50184.0,0.007,Buy
1619309695.0967,50183.5,0.006,Sell
1619309695.9607,50184.0,0.018,Buy
1619309695.9607,50184.0,0.004,Buy
1619309695.9607,50184.0,0.033,Buy
1619309695.9607,50184.0,0.126,Buy
1619309695.9607,50184.0,0.136,Buy
1619309698.3989,50184.5,0.001,Buy
1619309698.3989,50187.0,0.005,Buy
1619309698.399,50187.0,0.001,Buy
1619309702.9113,50192.0,0.006,Buy
1619309705.2135,50192.0,0.4,Buy
1619309705.5981,50192.0,0.006,Buy
1619309706.9596,50192.0,0.005,Buy
1619309710.1724,50191.5,0.05,Sell
1619309710.9152,50192.0,0.007,Buy
1619309711.247,50191.5,0.001,Sell
1619309712.0438,50192.0,0.008,Buy
1619309717.6113,50192.0,0.01,Buy
1619309718.093,50192.0,0.002,Buy
1619309720.8281,50192.0,0.025,Buy
1619309720.8281,50192.0,0.056,Buy
1619309720.905,50199.5,0.001,Buy
1619309720.905,50196.0,0.015,Buy
1619309722.2003,50200.0,3.134,Buy
1619309722.2003,50200.0,0.02,Buy
1619309722.2003,50200.0,0.013,Buy
1619309722.2003,50200.0,0.01,Buy
1619309722.2003,50200.0,0.002,Buy
1619309722.2003,50200.0,0.002,Buy
1619309722.2003,50200.0,0.009,Buy
1619309722.2073,50200.0,0.658,Buy
1619309722.7869,50200.0,5.317,Buy
1619309722.8179,50200.0,4.967,Buy
1619309723.8326,50200.0,0.07,Buy
1619309723.8569,50202.0,0.001,Buy
1619309723.8569,50201.0,0.345,Buy
1619309723.8569,50201.0,0.001,Buy
1619309723.8569,50200.0,0.1,Buy
1619309723.8569,50200.0,0.107,Buy
1619309723.8569,50200.0,0.003,Buy
1619309723.8569,50200.0,0.003,Buy
1619309723.8569,50200.0,4.768,Buy
1619309723.8898,50208.0,0.002,Buy
1619309723.8898,50207.0,0.001,Buy
1619309723.9062,50221.0,0.002,Buy
1619309723.9062,50220.5,0.06,Buy
1619309723.9062,50220.5,1.068,Buy
1619309723.9062,50220.0,0.001,Buy
1619309723.9151,50225.0,0.08,Buy
1619309723.9227,50234.5,0.073,Buy
1619309723.9227,50226.0,0.001,Buy
1619309723.9227,50227.0,0.007,Buy
1619309723.9227,50225.0,0.02,Buy
1619309723.9227,50230.0,0.002,Buy
1619309723.9227,50230.0,0.002,Buy
1619309723.9227,50230.0,0.001,Buy
1619309723.9227,50232.0,0.014,Buy
1619309723.9289,50234.5,0.025,Buy
1619309723.9328,50234.5,0.055,Buy
1619309723.9451,50234.5,0.01,Buy
1619309723.9584,50243.0,0.008,Buy
1619309723.9584,50240.0,0.05,Buy
1619309723.9584,50235.0,0.014,Buy
1619309723.9584,50234.5,0.028,Buy
1619309723.9646,50243.0,0.08,Buy
1619309723.9876,50243.0,0.01,Buy
1619309723.9977,50234.5,0.025,Buy
1619309725.1012,50235.0,1.0,Buy
1619309725.9352,50242.0,0.02,Sell
1619309726.2713,50242.5,0.055,Buy
1619309727.8163,50243.0,0.002,Buy
1619309728.9174,50247.0,0.041,Buy
1619309729.3024,50247.0,0.161,Buy
1619309729.3542,50249.0,0.041,Buy
1619309729.4687,50249.0,0.214,Buy
1619309729.4852,50254.0,0.002,Buy
1619309729.4852,50249.5,0.04,Buy
1619309729.4852,50250.0,0.003,Buy
1619309729.4852,50250.0,0.05,Buy
1619309729.4852,50250.0,0.02,Buy
1619309729.4852,50250.0,0.001,Buy
1619309729.4852,50250.0,0.001,Buy
1619309729.4852,50259.0,0.001,Buy
1619309729.4852,50252.0,0.001,Buy
1619309729.4939,50265.0,0.007,Buy
1619309729.4939,50275.0,0.073,Buy
1619309729.4939,50268.0,0.046,Buy
1619309729.4939,50268.5,0.001,Buy
1619309729.4939,50267.0,0.068,Buy
1619309729.4939,50270.5,0.003,Buy
1619309729.4939,50270.5,0.001,Buy
1619309729.4939,50270.0,0.001,Buy
1619309729.4942,50275.0,2.597,Buy
1619309729.4942,50275.0,1.537,Buy
1619309729.5103,50275.0,0.002,Buy
1619309729.5107,50275.0,0.195,Buy
1619309729.5107,50264.5,0.285,Sell
1619309729.5109,50275.0,0.002,Buy
1619309730.2783,50279.5,1.696,Buy
1619309730.2783,50279.5,0.029,Buy
1619309730.5698,50279.5,0.247,Buy
1619309730.7103,50279.5,0.006,Buy
1619309731.1374,50279.5,4.425,Buy
1619309731.3982,50279.5,0.1,Buy
1619309732.3282,50279.5,0.023,Buy
1619309732.4753,50279.5,0.088,Buy
1619309732.5144,50279.5,0.446,Buy
1619309732.6526,50279.5,0.054,Buy
1619309732.6618,50279.0,0.001,Sell
1619309733.071,50273.0,0.001,Sell
1619309733.0779,50270.5,0.006,Sell
1619309733.0911,50270.0,0.035,Sell
1619309733.1354,50270.0,0.173,Sell
1619309733.2273,50269.5,0.112,Sell
1619309733.238,50269.5,0.112,Sell
1619309733.6046,50252.0,0.002,Buy
1619309733.9879,50251.5,0.001,Sell
1619309734.0837,50252.0,0.05,Buy
1619309734.286,50252.0,0.17,Buy
1619309734.3202,50252.0,0.05,Buy
1619309735.1979,50266.5,0.1,Sell
1619309735.637,50267.0,0.002,Buy
1619309737.1209,50266.5,0.722,Sell
1619309737.2923,50267.0,0.008,Buy
1619309737.6291,50267.0,0.3,Buy
1619309738.3311,50267.0,0.01,Buy
1619309743.3868,50266.5,0.05,Sell
1619309743.6306,50266.5,0.095,Sell
1619309743.6306,50266.5,0.01,Sell
1619309745.588,50267.0,0.076,Buy
1619309747.1357,50267.0,0.086,Buy
1619309748.4155,50267.0,0.001,Buy
1619309748.4155,50267.0,0.011,Buy
1619309748.4155,50267.0,0.038,Buy
1619309748.4155,50267.0,0.075,Buy
1619309748.4155,50267.0,0.016,Buy
1619309748.4155,50267.0,0.316,Buy
1619309748.4155,50267.0,0.068,Buy
1619309748.6959,50266.5,0.001,Sell
1619309750.6423,50266.5,0.03,Sell
1619309751.0911,50266.5,0.014,Sell
1619309752.1408,50267.0,0.079,Buy
1619309753.3353,50266.5,0.001,Sell
1619309753.4241,50267.0,0.722,Buy
1619309753.5524,50267.0,0.054,Buy
1619309753.7452,50266.5,0.03,Sell
1619309755.0415,50266.5,0.001,Sell
1619309755.0415,50266.5,0.07,Sell
1619309756.6545,50252.0,0.01,Buy
1619309756.8129,50252.0,0.01,Buy
1619309758.5065,50251.5,0.15,Sell
1619309760.2358,50251.5,0.078,Sell
1619309761.9215,50252.0,0.07,Buy
1619309761.9215,50252.0,1.311,Buy
1619309761.9215,50252.0,0.145,Buy
1619309761.9215,50252.0,0.155,Buy
1619309761.9215,50252.0,0.05,Buy
1619309762.017,50252.0,0.023,Buy
1619309763.5418,50244.5,0.279,Buy
1619309764.5754,50244.0,0.037,Sell
1619309765.2805,50244.0,0.01,Sell
1619309765.5001,50244.0,0.01,Sell
1619309766.1207,50244.5,0.6,Buy
1619309766.6897,50244.0,0.007,Sell
1619309770.206,50244.0,1.0,Sell
1619309770.3894,50244.0,0.007,Sell
1619309775.6241,50244.0,0.1,Sell
1619309785.8434,50244.5,0.1,Buy
1619309785.8434,50244.5,0.001,Buy
1619309785.8434,50244.5,0.6,Buy
1619309785.9188,50251.5,0.001,Buy
1619309785.9188,50258.5,0.001,Buy
1619309785.9188,50259.5,0.001,Buy
1619309786.8708,50266.5,0.01,Buy
1619309787.239,50266.5,0.042,Buy
1619309790.9816,50266.0,0.005,Sell
1619309791.6009,50266.0,0.056,Sell
1619309793.0686,50266.5,1.155,Buy
1619309793.0686,50266.5,0.548,Buy
1619309794.0886,50266.5,0.677,Buy
1619309794.2157,50266.5,0.008,Buy
1619309803.7621,50266.5,0.008,Buy
1619309808.2748,50266.5,0.081,Buy
1619309808.9248,50266.5,0.081,Buy
1619309811.1637,50266.5,0.081,Buy
1619309812.3892,50265.5,5.707,Sell
1619309812.3892,50266.0,0.3,Sell
1619309812.3892,50266.0,0.009,Sell
1619309812.3892,50266.0,0.1,Sell
1619309812.3892,50266.0,0.017,Sell
1619309812.3892,50266.0,1.0,Sell
1619309812.3892,50266.0,1.0,Sell
1619309812.3892,50266.0,8.0,Sell
1619309812.3892,50266.0,0.64,Sell
1619309812.3892,50266.0,1.08,Sell
1619309812.3892,50266.0,0.1,Sell
1619309812.3892,50266.0,0.047,Sell
1619309812.7127,50255.0,0.518,Sell
1619309812.7127,50255.0,5.982,Sell
1619309812.7127,50255.0,0.3,Sell
1619309812.7127,50255.0,0.1,Sell
1619309812.7127,50255.0,0.1,Sell
1619309812.7134,50254.0,0.1,Sell
1619309812.7134,50255.0,1.518,Sell
1619309813.1038,50250.5,0.006,Buy
1619309815.0999,50250.5,0.326,Buy
1619309818.3061,50250.0,0.017,Sell
1619309818.3061,50250.0,0.104,Sell
1619309818.3061,50250.0,0.513,Sell
1619309819.4695,50250.5,0.006,Buy
1619309820.8961,50250.0,0.001,Sell
1619309821.4009,50250.0,0.001,Sell
1619309822.9042,50250.5,0.001,Buy
1619309829.9512,50250.5,0.02,Buy
1619309830.9485,50250.0,0.001,Sell
1619309833.2209,50251.0,0.889,Sell
1619309833.4317,50251.0,0.001,Sell
1619309834.3725,50251.5,0.025,Buy
1619309836.279,50252.0,0.045,Buy
1619309836.2883,50252.0,0.005,Buy
1619309836.3762,50266.5,0.001,Buy
1619309836.3762,50266.5,0.01,Buy
1619309840.191,50267.0,0.001,Buy
1619309840.191,50267.0,0.01,Buy
1619309840.7077,50267.0,0.131,Buy
1619309840.7335,50267.0,0.011,Buy
1619309841.4683,50267.0,0.082,Buy
1619309841.5374,50267.0,0.037,Buy
1619309841.7457,50267.0,0.017,Buy
1619309841.7457,50267.0,0.029,Buy
1619309842.6853,50269.0,0.09,Buy
1619309843.9148,50268.5,0.002,Sell
1619309845.8758,50269.0,0.008,Buy
1619309845.8758,50269.0,0.004,Buy
1619309845.9147,50269.0,0.013,Buy
1619309846.5784,50270.0,0.001,Sell
1619309849.0431,50270.5,0.084,Buy
1619309849.0431,50270.5,0.006,Buy
1619309849.0431,50270.5,0.05,Buy
1619309849.0431,50270.5,0.001,Buy
1619309852.5529,50270.0,0.001,Sell
1619309853.6984,50275.0,0.001,Buy
1619309855.0008,50277.0,0.024,Buy
1619309855.0294,50277.0,0.056,Buy
1619309856.8754,50277.0,0.077,Buy
1619309859.5967,50276.5,0.145,Sell
1619309859.5967,50276.5,0.006,Sell
1619309862.1857,50276.5,0.002,Sell
1619309865.2109,50277.0,0.079,Buy
1619309865.549,50277.0,0.94,Buy
1619309865.549,50277.0,0.064,Buy
1619309866.0118,50276.5,0.5,Sell
1619309867.5326,50277.0,0.079,Buy
1619309869.1003,50276.5,0.001,Sell
1619309873.0659,50267.5,0.01,Buy
1619309875.009,50267.0,0.01,Sell
1619309875.3466,50267.5,0.241,Buy
1619309875.4763,50267.0,0.05,Sell
1619309875.4763,50267.0,0.001,Sell
1619309876.6416,50250.5,0.855,Buy
1619309880.4481,50255.5,0.061,Buy
1619309880.4481,50255.5,0.009,Buy
1619309881.5595,50259.5,0.001,Buy
1619309884.0566,50269.0,0.005,Buy
1619309886.7855,50269.5,0.034,Sell
1619309889.2571,50270.0,0.001,Buy
1619309894.2269,50270.0,0.044,Buy
1619309897.0787,50270.0,2.031,Buy
1619309898.2725,50270.0,0.002,Buy
1619309902.8584,50269.5,0.005,Sell
1619309904.3802,50270.0,0.001,Buy
1619309906.1594,50270.0,0.001,Buy
1619309913.6895,50270.0,0.104,Buy
1619309923.2666,50270.0,0.192,Buy
1619309923.2666,50270.0,0.079,Buy
1619309923.2666,50270.0,0.001,Buy
1619309923.2666,50270.0,0.001,Buy
1619309927.3643,50269.5,0.052,Sell
1619309927.8178,50269.5,0.5,Sell
1619309929.4589,50269.5,0.014,Sell
1619309929.4589,50269.5,0.05,Sell
1619309929.4589,50269.5,0.795,Sell
1619309929.611,50270.0,0.033,Buy
1619309929.6682,50269.5,0.01,Sell
1619309931.2736,50270.0,0.037,Buy
1619309932.2999,50270.0,0.067,Buy
1619309932.2999,50270.0,0.024,Buy
1619309933.1338,50269.5,0.4,Sell
1619309934.4158,50270.0,0.033,Buy
1619309939.2622,50270.0,0.001,Buy
1619309939.2622,50270.0,0.027,Buy
1619309939.8727,50272.0,0.262,Sell
1619309943.8936,50272.5,0.008,Buy
1619309949.2293,50270.0,0.002,Buy
1619309950.8782,50269.5,0.048,Sell
1619309950.8782,50269.5,0.039,Sell
1619309950.9083,50269.5,0.151,Sell
1619309951.3785,50270.0,0.861,Buy
1619309951.4788,50269.5,0.101,Sell
1619309951.4788,50269.5,0.024,Sell
1619309951.4788,50269.5,0.203,Sell
1619309951.4788,50269.5,0.079,Sell
1619309953.6333,50250.0,0.028,Sell
1619309953.9213,50233.5,0.092,Sell
1619309953.9213,50238.0,0.014,Sell
1619309953.9213,50250.0,0.094,Sell
1619309961.1651,50233.5,0.859,Sell
1619309961.6204,50233.5,0.126,Sell
1619309964.5107,50233.5,0.095,Sell
1619309964.5107,50233.5,0.027,Sell
1619309976.4978,50233.5,0.203,Sell
1619309978.552,50233.5,0.09,Sell
1619309981.0531,50233.5,0.001,Sell
1619309981.3822,50233.5,0.1,Sell
1619309981.9925,50233.5,0.001,Sell
1619309983.5759,50233.5,0.001,Sell
1619309984.5035,50227.0,0.007,Sell
1619309984.5035,50233.0,0.017,Sell
1619309984.5035,50232.0,0.002,Sell
1619309984.5035,50230.0,0.001,Sell
1619309984.5035,50228.0,0.001,Sell
1619309984.5035,50220.0,0.021,Sell
1619309984.5035,50217.0,2.242,Sell
1619309984.5035,50223.5,0.1,Sell
1619309984.5035,50223.0,0.07,Sell
1619309984.5035,50223.0,0.046,Sell
1619309984.5035,50222.0,0.1,Sell
1619309984.5035,50221.0,0.1,Sell
1619309987.4027,50217.0,0.017,Sell
1619309987.4782,50205.0,0.01,Sell
1619309987.4782,50205.0,0.015,Sell
1619309988.3162,50202.0,0.001,Sell
1619309988.3162,50200.0,0.001,Sell
1619309988.3162,50200.0,0.003,Sell
1619309988.3261,50196.0,0.326,Sell
1619309990.0687,50196.0,0.153,Sell
1619309991.661,50196.0,0.1,Sell
1619309992.1464,50196.0,0.006,Sell
1619309992.4893,50189.0,0.007,Sell
1619309992.4893,50196.0,0.029,Sell
1619309992.4893,50196.0,0.001,Sell
1619309992.4893,50183.0,0.017,Sell
1619309993.2098,50183.0,0.068,Sell
1619309993.2098,50183.0,0.64,Sell
1619309993.2098,50183.0,0.37,Sell
1619309993.3316,50183.0,0.27,Sell
1619309993.3316,50183.0,0.075,Sell
1619309994.5094,50183.0,0.272,Sell
1619309994.9218,50175.5,0.088,Sell
1619309995.6947,50175.5,0.103,Sell
1619309995.6947,50175.5,3.106,Sell
1619309995.9273,50175.5,0.001,Sell
1619309998.161,50175.5,0.025,Sell
1619309998.6523,50175.5,0.042,Sell
1619309999.2156,50175.5,0.525,Sell
1619309999.962,50175.5,0.088,Sell
1619310000.0471,50175.5,0.063,Sell
1619310000.1,50173.0,0.001,Sell
1619310000.1,50175.0,0.001,Sell
1619310000.395,50170.0,0.001,Sell
1619310001.0271,50170.5,0.001,Buy
1619310003.9902,50183.0,0.667,Sell
1619310004.7371,50202.0,0.001,Buy
1619310005.8758,50211.5,0.068,Sell
1619310005.8758,50211.5,0.002,Sell
1619310005.8758,50211.5,0.03,Sell
1619310005.9599,50212.0,0.087,Buy
1619310007.0342,50211.5,0.3,Sell
1619310007.0342,50211.5,0.017,Sell
1619310007.0342,50211.5,0.083,Sell
1619310009.1526,50200.0,0.093,Sell
1619310009.1526,50200.0,0.007,Sell
1619310011.5366,50200.5,0.006,Buy
1619310013.7199,50200.5,0.001,Buy
1619310015.0352,50202.0,0.001,Buy
1619310016.8237,50210.5,0.017,Buy
1619310016.8237,50210.5,0.013,Buy
1619310021.7193,50210.5,2.047,Buy
1619310022.0949,50210.5,0.003,Buy
1619310022.3766,50210.5,0.001,Buy
1619310022.3778,50220.5,0.014,Buy
1619310022.5183,50227.0,0.007,Buy
1619310022.5225,50227.0,0.012,Buy
1619310023.4753,50226.5,0.243,Sell
1619310023.9228,50226.5,0.008,Sell
1619310024.2358,50230.0,0.001,Buy
1619310025.1483,50232.0,0.1,Buy
1619310025.1483,50232.0,0.079,Buy
1619310025.3732,50232.0,0.021,Buy
1619310025.3732,50232.0,0.1,Buy
1619310025.3732,50232.0,0.017,Buy
1619310025.3732,50232.0,0.105,Buy
1619310026.3062,50231.5,0.494,Sell
1619310026.3062,50231.5,0.006,Sell
1619310026.3534,50232.0,0.01,Buy
1619310029.9756,50232.0,0.034,Buy
1619310032.5272,50232.0,0.069,Buy
1619310032.5985,50232.0,0.065,Buy
1619310036.1592,50231.5,0.036,Sell
1619310036.1592,50231.5,0.017,Sell
1619310036.1592,50231.5,0.006,Sell
1619310036.1592,50231.5,0.041,Sell
1619310042.1167,50232.0,0.003,Buy
1619310042.1167,50232.0,0.001,Buy
1619310042.1167,50232.0,0.014,Buy
1619310043.3339,50234.0,0.007,Buy
1619310043.3572,50234.0,0.243,Buy
1619310043.3572,50234.0,0.239,Buy
1619310045.0973,50233.5,0.07,Sell
1619310046.9128,50233.5,0.136,Sell
1619310050.0331,50207.0,0.021,Sell
1619310053.5025,50207.5,0.003,Buy
1619310054.7568,50202.0,0.001,Sell
1619310058.8572,50200.0,0.07,Sell
1619310065.0442,50200.0,0.033,Sell
1619310068.0858,50200.0,0.003,Sell
1619310068.0858,50200.0,0.174,Sell
1619310068.0858,50200.0,0.04,Sell
1619310068.4354,50200.5,0.001,Buy
1619310068.4359,50200.5,0.006,Buy
1619310069.0429,50202.0,0.185,Sell
1619310071.5784,50202.5,0.017,Buy
1619310071.5784,50202.5,0.017,Buy
1619310071.5784,50202.5,0.075,Buy
1619310071.5784,50202.5,0.091,Buy
1619310075.1161,50202.0,0.001,Sell
1619310075.1949,50200.0,0.02,Sell
1619310082.8789,50192.5,0.006,Buy
1619310084.2342,50192.5,0.002,Buy
1619310088.1565,50192.0,0.006,Sell
1619310091.9676,50192.5,0.062,Buy
1619310091.9676,50192.5,0.004,Buy
1619310091.9955,50198.0,0.001,Buy
1619310102.4257,50226.0,0.07,Buy
1619310104.2705,50226.0,0.689,Buy
1619310104.2705,50226.0,0.05,Buy
1619310104.2705,50226.0,0.232,Buy
1619310104.296,50226.0,0.018,Buy
1619310118.5573,50227.0,0.018,Sell
1619310126.5091,50227.5,0.1,Buy
1619310126.5091,50227.5,0.002,Buy
1619310126.5091,50227.5,0.068,Buy
1619310126.5091,50227.5,0.004,Buy
1619310126.5091,50227.5,0.066,Buy
1619310126.5091,50227.5,0.15,Buy
1619310129.8295,50227.5,1.112,Buy
1619310129.8295,50227.5,0.1,Buy
1619310129.8334,50227.5,0.005,Buy
1619310135.5369,50227.5,0.055,Buy
1619310146.6803,50230.0,0.001,Buy
1619310146.6803,50230.0,0.006,Buy
1619310146.9264,50230.0,0.024,Buy
1619310152.1625,50227.5,0.39,Buy
1619310158.4723,50227.0,0.009,Sell
1619310163.9479,50227.5,0.05,Buy
1619310172.8893,50227.5,0.008,Buy
1619310178.8007,50227.5,0.003,Buy
1619310181.7301,50230.0,0.033,Buy
1619310183.7378,50230.0,0.001,Buy
1619310183.7378,50230.0,0.041,Buy
1619310184.3043,50230.0,0.064,Buy
1619310188.9538,50230.0,0.05,Buy
1619310200.5869,50230.0,0.5,Buy
1619310202.1005,50230.0,0.073,Buy
1619310204.3334,50230.0,0.4,Buy
1619310215.026,50230.0,0.03,Buy
1619310227.0189,50229.5,0.006,Sell
1619310271.8884,50230.0,0.002,Buy
1619310274.1159,50229.5,0.008,Sell
1619310274.5383,50229.5,0.008,Sell
1619310275.3618,50230.0,0.07,Buy
1619310278.1861,50230.0,0.096,Buy
1619310278.1861,50230.0,0.001,Buy
1619310278.1861,50230.0,0.034,Buy
1619310278.1861,50230.0,0.11,Buy
1619310282.3069,50230.0,0.004,Buy
1619310282.3069,50230.0,0.034,Buy
1619310283.1196,50233.0,0.001,Buy
1619310283.1196,50232.5,0.018,Buy
1619310284.4835,50235.0,0.008,Buy
1619310284.5043,50234.5,0.005,Sell
1619310284.5043,50234.5,2.695,Sell
1619310284.6277,50235.0,0.008,Buy
1619310297.4388,50235.0,0.011,Buy
1619310301.7969,50234.5,0.121,Sell
1619310302.7745,50234.5,0.12,Sell
1619310304.8448,50232.5,0.858,Buy
1619310309.8075,50232.5,5.627,Buy
1619310310.8873,50232.0,0.017,Sell
1619310310.8873,50232.0,0.023,Sell
1619310310.8873,50232.0,0.047,Sell
1619310310.8873,50232.0,0.771,Sell
1619310315.1929,50232.0,0.03,Sell
1619310324.8563,50232.0,2.402,Sell
1619310327.82,50230.0,0.528,Sell
1619310327.82,50229.5,0.158,Sell
1619310327.82,50229.5,0.017,Sell
1619310327.82,50229.5,0.1,Sell
1619310327.8983,50228.0,0.001,Sell
1619310327.9675,50211.0,0.007,Buy
1619310329.9188,50202.0,0.001,Sell
1619310338.3927,50200.0,0.01,Sell
1619310339.5048,50200.5,0.006,Buy
1619310339.5048,50200.5,1.76,Buy
1619310339.5048,50200.5,1.234,Buy
1619310340.1144,50200.0,0.061,Sell
1619310340.1144,50200.0,0.003,Sell
1619310340.1144,50200.0,0.017,Sell
1619310340.1144,50200.0,0.06,Sell
1619310342.0957,50200.0,0.056,Sell
1619310342.198,50192.0,0.001,Sell
1619310342.5184,50189.0,0.007,Sell
1619310343.556,50185.0,0.01,Sell
1619310343.5645,50182.0,0.971,Sell
1619310345.9266,50174.5,0.001,Sell
1619310345.9266,50174.5,0.033,Sell
1619310346.8145,50173.0,0.001,Sell
1619310346.8145,50173.0,0.005,Sell
1619310347.9301,50170.0,0.033,Sell
1619310348.6501,50170.0,0.213,Sell
1619310351.1249,50170.0,0.034,Sell
1619310353.2298,50164.5,0.77,Sell
1619310353.2298,50170.0,0.919,Sell
1619310353.2298,50165.0,0.036,Sell
1619310354.4644,50164.5,0.033,Sell
1619310362.6161,50164.5,0.07,Sell
1619310365.6693,50164.5,0.043,Sell
1619310368.2895,50164.5,0.066,Sell
1619310382.1676,50163.5,0.061,Sell
1619310383.2986,50158.0,0.602,Sell
1619310383.2986,50163.5,0.065,Sell
1619310385.3704,50158.0,0.03,Sell
1619310385.3704,50158.0,1.997,Sell
1619310385.4208,50151.0,0.078,Sell
1619310385.4208,50151.0,0.007,Sell
1619310387.0014,50150.0,0.005,Sell
1619310387.251,50150.0,0.001,Sell
1619310387.251,50150.0,0.003,Sell
1619310387.251,50150.0,0.05,Sell
1619310387.251,50150.0,0.045,Sell
1619310387.2987,50145.0,0.001,Sell
1619310387.2987,50149.0,0.001,Sell
1619310388.6821,50140.5,0.037,Sell
1619310389.1212,50140.5,0.225,Sell
1619310389.4057,50141.0,0.824,Buy
1619310389.4057,50141.0,0.005,Buy
1619310389.5155,50140.5,0.248,Sell
1619310390.5553,50140.5,0.181,Sell
1619310390.5553,50140.5,0.119,Sell
1619310391.2418,50138.5,0.005,Sell
1619310391.2418,50140.5,0.081,Sell
1619310392.1669,50138.5,0.078,Sell
1619310394.1763,50138.5,0.05,Sell
1619310394.2643,50138.5,0.011,Sell
1619310394.7539,50139.0,0.2,Buy
1619310394.7539,50139.0,0.017,Buy
1619310394.7539,50139.0,0.173,Buy
1619310397.212,50138.5,0.144,Sell
1619310397.3135,50138.5,0.15,Sell
1619310397.5126,50138.5,0.07,Sell
1619310397.9788,50139.0,1.004,Buy
1619310398.8382,50138.5,0.829,Sell
1619310401.1027,50138.5,0.021,Sell
1619310401.6377,50138.5,0.031,Sell
1619310403.2794,50138.5,0.033,Sell
1619310403.2794,50137.0,0.007,Sell
1619310403.3391,50137.0,0.008,Sell
1619310403.3391,50135.5,0.01,Sell
1619310405.422,50131.5,0.173,Buy
1619310405.4381,50131.0,0.003,Sell
1619310405.9974,50131.0,0.482,Sell
1619310407.4704,50128.5,0.2,Sell
1619310410.9341,50120.0,0.002,Sell
1619310410.9341,50119.0,0.232,Sell
1619310410.9341,50125.0,0.038,Sell
1619310410.9341,50120.0,0.001,Sell
1619310410.9341,50120.0,0.2,Sell
1619310414.218,50119.0,0.01,Sell
1619310414.9033,50119.0,0.141,Sell
1619310415.1819,50116.0,0.001,Sell
1619310415.3379,50113.0,0.007,Sell
1619310416.1558,50107.0,0.002,Sell
1619310416.1558,50104.0,0.005,Sell
1619310416.1661,50104.0,0.023,Sell
1619310416.7034,50102.0,0.658,Buy
1619310416.7034,50102.0,2.042,Buy
1619310427.3472,50102.0,0.5,Buy
1619310431.2794,50101.5,0.21,Sell
1619310431.5102,50101.5,0.231,Sell
1619310432.0249,50102.0,0.001,Buy
1619310432.8792,50102.0,0.216,Buy
1619310435.7349,50102.0,0.21,Buy
1619310435.9375,50102.0,0.09,Buy
1619310436.3233,50102.0,0.001,Buy
1619310436.3233,50102.0,0.06,Buy
1619310436.6309,50102.0,0.064,Buy
1619310437.279,50102.0,0.126,Buy
1619310437.4224,50102.5,0.17,Buy
1619310438.1611,50104.5,0.023,Buy
1619310438.1611,50104.5,0.047,Buy
1619310438.8247,50146.0,0.834,Buy
1619310438.8247,50138.0,0.064,Buy
1619310438.8247,50145.0,0.001,Buy
1619310438.8247,50137.5,0.05,Buy
1619310438.8247,50119.5,0.005,Buy
1619310438.8247,50125.0,0.018,Buy
1619310438.8247,50125.0,0.01,Buy
1619310438.8247,50115.0,0.018,Buy
1619310438.8247,50125.5,0.005,Buy
1619310439.0711,50146.5,0.032,Buy
1619310441.2394,50146.5,0.088,Buy
1619310441.9376,50146.5,0.001,Buy
1619310441.9376,50151.0,0.007,Buy
1619310442.7806,50166.5,0.003,Buy
1619310444.1569,50173.0,0.001,Buy
1619310444.1569,50173.0,0.001,Buy
1619310444.1569,50173.0,0.007,Buy
1619310445.0563,50178.5,0.001,Buy
1619310445.0563,50178.0,0.017,Buy
1619310445.5352,50187.5,0.451,Sell
1619310446.1206,50188.0,0.005,Buy
1619310446.1206,50189.0,0.007,Buy
1619310447.2369,50202.0,0.001,Buy
1619310447.4518,50202.0,0.001,Sell
1619310447.9246,50202.5,0.1,Buy
1619310447.996,50208.0,0.002,Buy
1619310448.077,50221.0,0.002,Buy
1619310448.0777,50221.0,0.007,Buy
1619310450.6589,50224.5,8.583,Sell
1619310450.6589,50224.5,0.687,Sell
1619310450.6589,50224.5,0.072,Sell
1619310450.6589,50224.5,0.084,Sell
1619310450.6589,50224.5,8.0,Sell
1619310450.6589,50224.5,0.055,Sell
1619310450.6589,50224.5,2.25,Sell
1619310450.6589,50224.5,0.269,Sell
1619310451.8995,50225.0,0.001,Buy
1619310452.4722,50225.0,0.001,Buy
1619310452.4722,50225.0,0.472,Buy
1619310455.0012,50191.0,0.085,Sell
1619310456.6326,50185.5,0.029,Sell
1619310456.7596,50173.0,0.001,Sell
1619310459.8073,50167.5,0.038,Sell
1619310462.7033,50167.5,0.01,Sell
1619310469.0095,50167.5,1.599,Sell
1619310471.9212,50160.0,0.023,Sell
1619310472.0353,50160.0,0.092,Sell
1619310472.0353,50160.0,0.068,Sell
1619310472.0795,50151.0,0.007,Sell
1619310472.1977,50145.0,0.001,Sell
1619310472.3929,50144.0,0.013,Sell
1619310472.8379,50144.0,0.006,Sell
1619310472.8379,50144.0,0.006,Sell
1619310472.8379,50144.0,0.006,Sell
1619310474.5791,50142.0,0.266,Buy
1619310477.9371,50141.5,0.006,Sell
1619310478.796,50136.0,0.805,Buy
1619310478.796,50136.0,0.658,Buy
1619310486.3888,50135.5,0.05,Sell
1619310492.2162,50120.5,4.97,Buy
1619310492.2162,50120.5,0.658,Buy
1619310494.1905,50120.0,0.037,Sell
1619310494.1905,50120.0,0.002,Sell
1619310494.1905,50120.0,1.56,Sell
1619310498.8018,50116.0,0.001,Sell
1619310498.8774,50113.0,0.007,Sell
1619310498.8774,50110.5,0.006,Sell
1619310499.0969,50110.0,0.001,Sell
1619310501.3575,50107.0,0.002,Sell
1619310501.6629,50106.5,0.004,Sell
1619310506.7658,50106.5,0.084,Sell
1619310507.3879,50107.0,0.035,Buy
1619310507.3879,50107.0,0.005,Buy
1619310509.4104,50107.0,0.078,Buy
1619310511.3635,50107.0,0.1,Buy
1619310511.5583,50106.5,0.004,Sell
1619310512.3043,50107.0,0.024,Buy
1619310514.8124,50106.5,0.056,Sell
1619310514.8124,50105.0,0.05,Sell
1619310514.8124,50104.0,0.033,Sell
1619310514.8124,50103.0,0.236,Sell
1619310514.8398,50103.5,0.018,Buy
1619310516.1339,50103.5,0.004,Buy
1619310523.0527,50103.5,0.041,Buy
1619310531.0704,50103.5,0.345,Buy
1619310534.3287,50103.5,0.215,Buy
1619310542.2113,50103.5,0.053,Buy
1619310542.2113,50103.5,0.481,Buy
1619310550.3121,50103.5,0.04,Buy
1619310550.4128,50103.0,0.098,Sell
1619310550.4128,50103.0,0.061,Sell
1619310550.4578,50103.5,0.005,Buy
1619310552.3493,50104.0,0.025,Buy
1619310552.77,50108.5,0.005,Buy
1619310552.7954,50110.5,0.009,Buy
1619310556.8322,50118.5,0.034,Buy
1619310556.8322,50118.5,0.018,Buy
1619310556.8322,50118.5,0.006,Buy
1619310557.7866,50118.0,0.08,Sell
1619310559.7448,50118.5,0.081,Buy
1619310561.6384,50118.0,0.044,Sell
1619310563.1864,50118.0,0.01,Sell
1619310563.4788,50118.5,0.151,Buy
1619310563.4788,50118.5,0.005,Buy
1619310563.4788,50118.5,0.012,Buy
1619310563.4788,50118.5,1.262,Buy
1619310566.2375,50103.0,0.005,Sell
1619310566.2375,50103.0,0.002,Sell
1619310566.2405,50103.0,0.002,Sell
1619310567.078,50103.5,0.508,Buy
1619310567.2505,50103.5,0.016,Buy
1619310567.9048,50103.5,0.036,Buy
1619310574.3567,50103.0,0.037,Buy
1619310576.9983,50102.5,0.07,Sell
1619310576.9983,50102.5,0.031,Sell
1619310585.5463,50102.5,0.066,Sell
1619310591.7983,50102.5,0.064,Sell
1619310594.2312,50103.0,0.024,Buy
1619310594.3762,50102.5,0.097,Sell
1619310598.0992,50103.0,0.02,Buy
1619310602.4977,50102.5,0.018,Buy
1619310607.9418,50102.0,0.002,Sell
1619310612.3166,50102.5,0.141,Buy
1619310614.7951,50102.0,0.205,Sell
1619310616.6059,50102.0,0.6,Sell
1619310624.0707,50101.0,0.039,Sell
1619310624.1169,50101.0,1.302,Sell
1619310624.1169,50101.0,0.128,Sell
1619310624.8141,50101.0,0.1,Sell
1619310629.2254,50100.5,0.003,Buy
1619310631.8833,50100.0,0.014,Sell
1619310631.8903,50096.0,1.0,Sell
1619310631.8903,50096.0,0.02,Sell
1619310631.8903,50096.0,1.0,Sell
1619310631.8903,50094.5,0.865,Sell
1619310631.8903,50100.0,0.197,Sell
1619310631.8903,50096.5,0.127,Sell
1619310631.8903,50100.0,0.05,Sell
1619310631.8903,50100.0,0.002,Sell
1619310631.8903,50100.0,0.05,Sell
1619310631.8903,50100.0,0.036,Sell
1619310631.8903,50100.0,0.003,Sell
1619310631.8903,50100.0,0.125,Sell
1619310631.8903,50100.0,0.002,Sell
1619310633.3158,50095.0,0.005,Sell
1619310633.3162,50095.0,0.01,Sell
1619310638.6767,50094.0,0.001,Sell
1619310638.7561,50091.5,0.001,Sell
1619310642.473,50090.0,0.35,Sell
1619310642.473,50090.0,0.2,Sell
1619310642.473,50090.0,0.026,Sell
1619310643.2074,50085.0,0.005,Sell
1619310643.2074,50088.0,0.001,Sell
1619310643.2074,50083.5,0.01,Sell
1619310643.2356,50083.5,0.008,Sell
1619310644.4231,50080.0,0.05,Sell
1619310644.4231,50079.5,0.164,Sell
1619310644.4231,50080.5,0.525,Sell
1619310644.502,50075.0,0.007,Sell
1619310645.3599,50071.0,0.025,Sell
1619310645.4047,50070.0,0.05,Sell
1619310645.4771,50060.0,0.001,Sell
1619310645.4771,50060.0,0.001,Sell
1619310645.4853,50059.0,0.2,Sell
1619310646.0677,50059.5,0.004,Buy
1619310646.9138,50059.0,0.422,Sell
1619310648.4286,50059.0,0.015,Sell
1619310648.4703,50059.0,0.1,Sell
1619310648.4961,50059.0,0.215,Sell
1619310648.4993,50059.0,0.048,Sell
1619310648.5205,50045.5,0.067,Sell
1619310648.5205,50049.0,0.068,Sell
1619310648.5205,50050.0,0.06,Sell
1619310648.5205,50050.0,0.081,Sell
1619310648.5205,50050.0,0.05,Sell
1619310648.5205,50050.0,0.003,Sell
1619310648.5205,50050.5,0.306,Sell
1619310648.5205,50049.5,0.048,Sell
1619310648.8916,50039.0,0.001,Sell
1619310649.458,50037.0,0.007,Sell
1619310650.2818,50033.5,0.012,Sell
1619310654.1067,50033.5,0.038,Sell
1619310654.1067,50027.5,1.711,Sell
1619310654.1082,50027.5,3.187,Sell
1619310654.1108,50027.5,3.189,Sell
1619310654.1136,50027.5,2.246,Sell
1619310654.1322,50025.5,1.17,Sell
1619310654.1718,50025.5,3.194,Sell
1619310654.3185,50024.0,0.003,Sell
1619310655.826,50023.5,0.065,Buy
1619310655.8271,50023.5,0.254,Buy
1619310655.9557,50026.0,0.016,Buy
1619310655.9557,50026.0,0.054,Buy
1619310655.9557,50026.0,0.011,Buy
1619310655.9769,50026.0,0.002,Buy
1619310655.9815,50025.5,0.015,Sell
1619310655.9819,50026.0,0.004,Buy
1619310656.0147,50031.0,0.006,Buy
1619310656.0166,50031.0,0.023,Buy
1619310656.7605,50032.0,1.0,Buy
1619310658.2293,50046.0,0.87,Sell
1619310660.2013,50046.5,0.097,Buy
1619310661.3327,50046.0,0.084,Sell
1619310661.8186,50034.0,0.01,Sell
1619310664.1093,50030.0,0.015,Sell
1619310668.5131,50030.0,0.01,Sell
1619310668.5343,50030.0,0.218,Sell
1619310668.5343,50023.0,0.096,Sell
1619310668.5343,50030.0,0.026,Sell
1619310668.5343,50030.0,0.005,Sell
1619310670.2968,50023.5,0.012,Buy
1619310670.2968,50023.5,0.012,Buy
1619310670.2968,50023.5,0.012,Buy
1619310670.7734,50023.0,0.994,Sell
1619310671.7473,50020.0,0.002,Sell
1619310671.7473,50020.0,1.0,Sell
1619310671.8196,50017.5,0.002,Sell
1619310671.821,50015.0,0.01,Sell
1619310673.1931,50006.0,0.002,Sell
1619310673.1931,50007.0,0.05,Sell
1619310673.202,50001.0,0.01,Sell
1619310673.202,50000.0,0.001,Sell
1619310673.202,50000.0,0.001,Sell
1619310673.202,50000.0,0.001,Sell
1619310673.202,50000.0,0.027,Sell
1619310674.2331,50000.5,0.033,Buy
1619310675.2783,50000.0,0.033,Sell
1619310675.2783,50000.0,0.002,Sell
1619310675.2783,50000.0,0.296,Sell
1619310675.2783,50000.0,0.173,Sell
1619310675.2783,50000.0,0.002,Sell
1619310675.2783,50000.0,0.06,Sell
1619310675.7205,50000.0,0.001,Sell
1619310679.6083,50000.0,0.001,Sell
1619310683.2649,50000.5,0.177,Buy
1619310689.9186,50000.5,0.1,Buy
1619310690.5425,50000.5,1.0,Buy
1619310690.5425,50000.5,0.047,Buy
1619310690.6176,50006.0,0.005,Buy
1619310690.6176,50006.0,0.001,Buy
1619310690.619,50006.0,0.001,Buy
1619310692.7098,50005.5,0.025,Sell
1619310694.1127,50006.0,0.242,Buy
1619310696.3095,50005.5,0.03,Sell
1619310698.981,50006.0,0.078,Buy
1619310699.5043,50006.0,0.1,Buy
1619310699.5794,50004.5,0.119,Sell
1619310699.5794,50005.5,0.015,Sell
1619310699.5794,50005.5,0.016,Sell
1619310700.5311,50004.0,0.018,Sell
1619310701.274,50004.5,0.044,Buy
1619310703.1159,50004.5,0.013,Buy
1619310703.5351,50004.0,0.029,Sell
1619310703.5351,50000.0,0.002,Sell
1619310703.5351,50000.0,0.001,Sell
1619310703.5351,50000.0,0.05,Sell
1619310703.5351,50000.0,0.003,Sell
1619310703.5351,50000.0,0.446,Sell
1619310705.8241,50000.0,0.04,Sell
1619310705.8241,50000.0,0.003,Sell
1619310705.8241,50000.0,1.0,Sell
1619310705.8241,50000.0,0.001,Sell
1619310705.8241,50000.0,0.01,Sell
1619310705.8241,50000.0,0.254,Sell
1619310705.8241,50000.0,0.1,Sell
1619310705.853,49999.0,0.007,Sell
1619310705.853,49999.0,0.1,Sell
1619310705.8593,49979.0,1.693,Sell
1619310705.8593,49979.0,0.3,Sell
1619310705.8593,49979.0,0.05,Sell
1619310705.8593,49981.5,0.03,Sell
1619310705.8593,49984.0,0.042,Sell
1619310705.8593,49986.5,0.069,Sell
1619310705.8593,49989.0,0.005,Sell
1619310705.8593,49989.5,0.048,Sell
1619310705.8593,49982.0,0.013,Sell
1619310705.8665,49979.0,0.023,Sell
1619310706.0365,49978.0,0.002,Sell
1619310711.9782,49969.0,0.006,Sell
1619310711.9782,49973.0,0.001,Sell
1619310711.9782,49976.0,0.017,Sell
1619310711.9782,49976.0,0.01,Sell
1619310711.9782,49974.5,0.015,Sell
1619310711.9782,49976.0,0.032,Sell
1619310711.9858,49969.0,0.041,Sell
1619310712.6026,49969.5,0.1,Buy
1619310713.4779,49969.0,0.042,Sell
1619310713.8985,49969.5,1.0,Buy
1619310716.4119,49969.0,0.008,Sell
1619310717.3463,49969.5,0.569,Buy
1619310717.5322,49969.0,0.408,Sell
1619310719.056,49961.5,0.002,Sell
1619310719.0651,49952.0,0.035,Sell
1619310719.0651,49956.0,0.001,Sell
1619310719.0651,49961.0,0.007,Sell
1619310719.0651,49961.5,0.003,Sell
1619310719.0651,49956.0,0.001,Sell
1619310720.0636,49953.0,0.063,Buy
1619310722.1235,49963.5,1.374,Sell
1619310722.568,49963.5,0.014,Sell
1619310722.568,49963.5,0.186,Sell
1619310723.0204,49964.0,0.001,Buy
1619310723.485,49964.0,0.1,Buy
1619310728.6665,49998.5,0.018,Sell
1619310729.5752,49999.0,0.007,Buy
1619310729.5752,49999.0,0.013,Buy
1619310730.3436,49999.0,1.374,Buy
1619310731.0645,49998.5,0.001,Sell
1619310731.065,49999.0,1.03,Buy
1619310733.7386,49998.5,0.011,Sell
1619310733.7386,49998.5,0.012,Sell
1619310733.7386,49998.5,0.009,Sell
1619310734.0886,49977.5,0.001,Sell
1619310735.0894,49961.5,0.625,Sell
1619310737.0489,49961.5,0.083,Sell
1619310737.2575,49962.0,0.07,Buy
1619310739.9318,49962.0,0.636,Buy
1619310743.2988,49962.0,1.213,Buy
1619310743.894,49961.5,5.905,Sell
1619310745.6753,49961.5,0.012,Sell
1619310745.7755,49961.0,0.007,Sell
1619310747.7377,49955.5,0.005,Buy
1619310747.7377,49955.5,0.09,Buy
1619310748.21,49955.0,0.08,Sell
1619310748.21,49951.0,0.001,Sell
1619310748.21,49950.0,0.003,Sell
1619310748.21,49950.0,0.178,Sell
1619310748.2299,49948.0,0.003,Sell
1619310748.2299,49947.5,0.002,Sell
1619310748.2299,49950.0,0.059,Buy
1619310749.6982,49947.5,0.016,Sell
1619310749.6982,49947.5,0.127,Sell
1619310751.8179,49948.0,0.017,Buy
1619310753.2665,49960.0,0.001,Buy
1619310753.2665,49971.5,0.38,Buy
1619310753.2665,49950.0,0.119,Buy
1619310754.2109,49971.0,0.658,Sell
1619310754.7342,49971.5,0.02,Buy
1619310754.9646,49971.5,1.213,Sell
1619310755.1595,49971.5,0.161,Sell
1619310756.0012,49972.0,0.033,Buy
1619310758.7217,49972.0,0.345,Buy
1619310760.2728,49971.5,4.0,Buy
1619310766.9594,49959.5,1.159,Buy
1619310767.8,49959.0,0.018,Sell
1619310768.7737,49959.5,0.041,Buy
1619310768.7737,49959.5,0.022,Buy
1619310771.7904,49959.5,0.178,Buy
1619310771.7904,49959.5,0.006,Buy
1619310771.7904,49959.5,0.006,Buy
1619310771.7904,49959.5,2.81,Buy
1619310775.1374,49959.5,0.09,Buy
1619310780.9998,49959.5,0.04,Buy
1619310783.9403,49959.5,0.255,Buy
1619310785.4287,49959.5,0.48,Buy
1619310786.7899,49959.0,0.406,Sell
1619310786.7899,49959.0,0.01,Sell
1619310786.7899,49959.0,0.11,Sell
1619310786.8552,49949.5,0.001,Sell
1619310786.8559,49946.5,0.01,Sell
1619310787.814,49946.0,0.006,Buy
1619310787.814,49946.0,0.004,Buy
1619310789.9112,49945.5,1.0,Sell
1619310789.9112,49942.0,0.026,Sell
1619310789.9112,49939.0,0.001,Sell
1619310789.9112,49937.5,0.047,Sell
1619310789.9112,49936.0,0.018,Sell
1619310789.9112,49935.0,0.067,Sell
1619310790.7202,49931.0,0.004,Sell
1619310790.7202,49931.0,0.1,Sell
1619310790.7273,49931.5,0.136,Buy
1619310791.7703,49931.5,0.05,Buy
1619310792.4808,49931.5,0.005,Buy
1619310792.9843,49931.5,0.001,Buy
1619310793.3876,49931.0,0.017,Sell
1619310793.3876,49930.5,0.003,Sell
1619310793.3876,49930.5,0.325,Sell
1619310797.3856,49929.0,0.012,Sell
1619310797.5717,49929.5,0.005,Buy
1619310798.3233,49929.5,0.004,Buy
1619310800.9801,49929.5,1.34,Buy
1619310803.3352,49929.0,1.063,Sell
1619310803.716,49931.0,0.017,Buy
1619310804.5531,49942.5,0.064,Sell
1619310804.5531,49942.5,0.022,Sell
1619310804.8725,49943.0,0.5,Buy
1619310805.0329,49943.0,0.002,Buy
1619310808.1812,49944.0,1.069,Sell
1619310811.0051,49948.5,0.009,Buy
1619310812.3782,49963.5,0.02,Buy
1619310814.8139,49965.0,0.057,Buy
1619310817.1543,49965.0,0.02,Buy
1619310817.2396,49964.5,0.082,Sell
1619310818.6657,49965.0,0.079,Buy
1619310823.7813,49965.0,0.018,Buy
1619310825.846,49965.0,0.482,Buy
1619310826.2645,49965.0,0.001,Buy
1619310826.5182,49965.0,0.057,Buy
1619310827.349,49964.5,0.313,Sell
1619310830.6266,49965.0,0.456,Buy
1619310832.6365,49965.0,0.039,Buy
1619310833.7271,49965.0,0.1,Buy
1619310837.2704,49965.0,0.039,Buy
1619310837.6939,49964.5,0.049,Sell
1619310842.3468,49964.5,0.04,Sell
1619310842.3754,49965.0,0.2,Buy
1619310845.9299,49965.0,0.243,Buy
1619310851.3377,49965.0,0.01,Buy
1619310855.5775,49964.5,0.086,Sell
1619310857.9191,49965.0,0.531,Buy
1619310858.104,49965.0,0.006,Buy
1619310863.1438,49964.5,0.018,Sell
1619310863.1438,49964.5,0.001,Sell
1619310863.1438,49964.5,0.13,Sell
1619310864.1943,49964.5,0.006,Sell
1619310866.24,49965.0,0.1,Buy
1619310866.8155,49965.0,0.1,Buy
1619310868.6016,49964.5,0.1,Sell
1619310869.5332,49964.5,0.281,Sell
1619310869.5332,49964.5,0.017,Sell
1619310869.5332,49964.5,0.233,Sell
1619310871.6577,49965.0,0.007,Buy
1619310879.1201,49965.0,0.338,Buy
1619310880.1513,49965.0,0.117,Buy
1619310880.1513,49965.0,0.143,Buy
1619310890.2728,49964.5,0.027,Sell
1619310890.7609,49964.5,0.039,Sell
1619310891.0553,49964.5,0.034,Sell
1619310891.0553,49964.5,0.106,Sell
1619310891.0553,49964.5,0.5,Sell
1619310891.0553,49964.5,0.055,Sell
1619310891.0553,49964.5,0.05,Sell
1619310891.9747,49961.5,0.001,Sell
1619310892.6687,49961.5,0.018,Sell
1619310893.2885,49961.5,0.081,Sell
1619310893.2885,49960.0,0.055,Sell
1619310893.356,49953.5,0.001,Sell
1619310897.8666,49948.0,0.1,Sell
1619310897.8974,49948.0,0.003,Sell
1619310907.0567,49941.0,0.034,Buy
1619310922.2405,49941.0,0.048,Buy
1619310923.9784,49941.0,0.01,Buy
1619310929.3512,49941.0,0.01,Buy
1619310932.0523,49941.0,0.009,Buy
1619310937.7776,49941.0,0.012,Buy
1619310939.5076,49941.0,0.372,Buy
1619310939.7054,49941.0,0.01,Buy
1619310940.1695,49941.0,0.003,Buy
1619310940.1695,49941.0,0.04,Buy
1619310940.7228,49941.0,0.026,Buy
1619310940.7228,49941.0,0.186,Buy
1619310940.7237,49941.0,0.001,Buy
1619310947.0214,49941.0,0.009,Buy
1619310951.15,49941.0,0.461,Buy
1619310954.0084,49941.0,0.078,Buy
1619310955.0177,49941.0,0.088,Buy
1619310956.3877,49941.0,0.14,Buy
1619310956.3877,49941.0,0.095,Buy
1619310957.2098,49941.0,0.219,Buy
1619310957.2098,49941.0,6.781,Buy
1619310959.8285,49941.5,1.507,Buy
1619310959.8285,49941.5,3.19,Buy
1619310959.8285,49941.5,3.189,Buy
1619310959.8285,49941.5,0.571,Buy
1619310959.8285,49941.5,0.523,Buy
1619310959.8285,49941.5,0.02,Buy
1619310964.2286,49941.0,0.04,Sell
1619310965.6013,49941.5,0.2,Buy
1619310965.7593,49941.5,0.16,Buy
1619310969.2253,49941.5,0.455,Sell
1619310969.3879,49944.5,0.017,Buy
1619310969.5556,49952.0,0.018,Buy
1619310972.3337,49955.0,1.063,Buy
1619310972.8299,49954.5,0.066,Sell
1619310973.5988,49958.0,0.002,Buy
1619310973.5988,49957.5,0.018,Buy
1619310973.5988,49959.5,0.005,Buy
1619310975.7475,49965.0,0.028,Buy
1619310975.7475,49965.0,0.394,Buy
1619310976.1607,49965.0,0.015,Buy
1619310976.1607,49965.0,0.018,Buy
1619310976.1607,49975.5,0.018,Buy
1619310976.1607,49979.5,0.021,Buy
1619310976.1692,49979.5,0.014,Buy
1619310976.2802,49980.5,0.018,Buy
1619310976.2802,49980.5,0.104,Buy
1619310976.3034,49980.5,0.002,Buy
1619310976.5859,49980.5,0.016,Buy
1619310976.8979,49980.5,0.02,Buy
1619310976.8979,49982.0,0.005,Buy
1619310977.451,49990.0,0.009,Buy
1619310977.9312,49990.0,0.246,Buy
1619310977.9312,49990.0,0.02,Buy
1619310977.9312,49990.5,0.044,Buy
1619310978.5954,49991.0,0.843,Buy
1619310979.0565,49991.0,0.02,Buy
1619310979.3084,49992.0,0.018,Buy
1619310979.3557,49992.0,0.002,Buy
1619310980.5983,49999.0,0.007,Buy
1619310980.6067,50000.0,0.005,Buy
1619310980.6067,50000.0,0.001,Buy
1619310980.6067,50000.0,0.006,Buy
1619310982.5357,50000.5,0.21,Buy
1619310984.5708,50000.5,0.335,Buy
1619310984.5708,50000.5,0.01,Buy
1619310986.0751,50004.0,0.235,Sell
1619310986.6745,50004.0,0.085,Sell
1619310990.0371,50004.5,0.018,Buy
1619310991.264,50004.5,0.001,Buy
1619310992.3804,50004.5,0.018,Buy
1619310993.0809,50004.5,0.01,Buy
1619310993.5986,50004.5,0.138,Buy
1619310999.0769,50004.5,0.01,Buy
1619311002.1772,50004.5,0.001,Buy
1619311002.7493,50012.0,0.027,Sell
1619311002.7493,50012.0,0.001,Sell
1619311002.7493,50012.0,0.006,Sell
1619311005.0632,50012.5,0.05,Buy
1619311007.5966,50012.5,0.02,Buy
1619311008.0759,50019.5,0.844,Buy
1619311008.0759,50020.0,0.001,Buy
1619311008.0759,50021.5,0.294,Buy
1619311010.0677,50025.5,0.015,Buy
1619311010.4684,50025.5,0.021,Buy
1619311010.7495,50025.5,1.125,Buy
1619311012.2007,50025.5,0.082,Buy
1619311012.6866,50025.5,0.085,Buy
1619311013.6351,50025.5,0.02,Buy
1619311013.6854,50026.5,0.042,Buy
1619311013.9166,50026.5,0.02,Buy
1619311014.3962,50030.0,0.02,Buy
1619311014.8793,50033.0,0.05,Buy
1619311016.4465,50033.0,0.08,Buy
1619311016.4465,50033.0,0.1,Buy
1619311016.4465,50033.0,0.02,Buy
1619311016.5296,50033.0,0.035,Buy
1619311016.8571,50033.0,0.02,Buy
1619311018.1251,50037.0,0.02,Buy
1619311018.1251,50050.0,4.252,Buy
1619311018.1251,50050.0,0.046,Buy
1619311018.1251,50050.0,0.001,Buy
1619311018.1251,50050.0,0.003,Buy
1619311018.1251,50050.0,0.05,Buy
1619311018.1251,50037.0,0.007,Buy
1619311018.1251,50048.5,0.1,Buy
1619311018.1251,50040.5,0.25,Buy
1619311018.1251,50048.0,0.1,Buy
1619311018.1251,50049.5,0.001,Buy
1619311018.1251,50048.0,0.063,Buy
1619311018.1251,50048.0,0.1,Buy
1619311018.1333,50050.0,0.034,Buy
1619311019.0565,50049.5,0.02,Buy
1619311019.1185,50050.5,0.013,Sell
1619311019.5619,50051.0,0.525,Buy
1619311019.5619,50051.0,1.252,Buy
1619311020.4034,50051.0,0.074,Buy
1619311023.795,50050.5,0.07,Sell
1619311024.0544,50040.5,0.051,Buy
1619311024.3914,50040.0,0.05,Sell
1619311025.2563,50018.0,0.02,Buy
1619311025.2662,50019.5,3.477,Buy
1619311030.0178,50004.0,0.001,Sell
1619311030.5195,50004.0,0.3,Sell
1619311030.5195,50004.0,0.084,Sell
1619311030.5685,49999.0,0.007,Sell
1619311030.7224,49980.5,1.799,Sell
1619311032.5864,49968.0,0.05,Buy
1619311035.2771,49961.0,0.007,Sell
1619311035.2771,49958.0,0.002,Sell
1619311035.2771,49950.0,0.003,Sell
1619311036.2916,49949.0,0.04,Buy
1619311042.8653,49948.5,0.604,Sell
1619311045.149,49949.0,0.262,Buy
1619311045.4114,49949.0,0.2,Buy
1619311046.0659,49949.0,0.228,Buy
1619311046.9235,49949.0,0.035,Buy
1619311050.7119,49949.0,0.2,Buy
1619311051.3845,49948.5,0.161,Sell
1619311056.724,49948.5,0.035,Sell
1619311057.17,49949.0,0.013,Buy
1619311057.17,49951.5,0.005,Buy
1619311058.1721,49951.0,0.022,Sell
1619311059.411,49951.5,0.025,Buy
1619311059.966,49951.0,0.002,Sell
1619311060.043,49951.5,0.108,Buy
1619311061.9322,49949.0,0.01,Sell
1619311064.9688,49949.0,0.005,Buy
1619311064.9688,49949.0,0.095,Buy
1619311071.4966,49948.5,0.036,Sell
1619311073.3232,49948.5,0.161,Sell
1619311073.3536,49949.0,0.51,Buy
1619311073.6077,49948.5,0.023,Sell
1619311074.2645,49948.5,0.001,Sell
1619311076.0379,49949.0,0.04,Buy
1619311076.0379,49949.0,0.019,Buy
1619311082.6023,49949.0,0.051,Buy
1619311082.6023,49949.0,0.02,Buy
1619311083.2611,49948.5,0.035,Sell
1619311083.2974,49949.0,0.2,Buy
1619311087.3378,49949.0,0.001,Buy
1619311088.7426,49948.5,0.132,Sell
1619311089.1722,49948.5,0.001,Sell
1619311090.2408,49949.0,0.009,Buy
1619311090.9317,49948.5,0.001,Sell
1619311091.2452,49949.0,0.07,Buy
1619311091.2452,49949.0,1.729,Buy
1619311091.8409,49948.5,0.2,Sell
1619311091.8409,49948.5,0.001,Sell
1619311091.8409,49948.5,0.02,Sell
1619311092.0674,49948.5,0.001,Sell
1619311096.273,49949.0,0.006,Buy
1619311097.1347,49949.0,0.005,Buy
1619311098.3308,49948.5,0.001,Sell
1619311098.3308,49948.5,0.104,Sell
1619311098.9269,49948.5,0.001,Sell
1619311102.1163,49948.5,0.033,Sell
1619311102.1163,49948.0,0.5,Sell
1619311102.1163,49947.5,0.1,Sell
1619311103.8089,49941.0,0.002,Buy
1619311104.0016,49940.5,0.021,Sell
1619311105.1944,49940.5,0.004,Sell
1619311105.1944,49940.5,0.006,Sell
1619311105.9723,49940.5,0.001,Sell
1619311111.7008,49940.5,0.093,Sell
1619311111.7008,49940.5,1.08,Sell
1619311111.7008,49940.5,0.017,Sell
1619311111.7008,49940.5,0.475,Sell
1619311111.7361,49941.0,0.012,Buy
1619311113.5643,49941.0,0.008,Buy
1619311113.5643,49941.0,0.492,Buy
1619311114.6368,49941.0,0.001,Buy
1619311115.0219,49945.0,0.077,Buy
1619311115.0219,49945.0,0.009,Buy
1619311115.7807,49960.0,1.278,Sell
1619311115.7879,49960.0,0.038,Sell
1619311119.8682,49940.5,0.005,Buy
1619311120.9686,49940.5,0.026,Buy
1619311125.51,49940.0,0.011,Sell
1619311125.6336,49940.5,0.096,Buy
1619311125.6596,49940.0,0.004,Sell
1619311125.6596,49940.0,0.096,Sell
1619311131.0299,49937.5,0.092,Sell
1619311132.5554,49938.0,0.01,Buy
1619311137.7139,49937.0,0.011,Sell
1619311139.6152,49937.0,0.089,Sell
1619311140.4607,49934.0,0.086,Buy
1619311141.0094,49934.0,0.636,Buy
1619311143.049,49934.0,0.004,Buy
1619311143.3569,49933.5,0.1,Sell
1619311143.3569,49933.5,0.017,Sell
1619311143.3569,49932.0,0.29,Sell
1619311143.5139,49930.5,1.172,Buy
1619311144.6984,49930.0,0.089,Sell
1619311144.6984,49928.5,0.411,Sell
1619311145.4434,49928.0,0.074,Sell
1619311145.7808,49928.5,0.724,Buy
1619311146.4761,49928.0,0.067,Sell
1619311146.485,49925.0,0.01,Sell
1619311146.7574,49921.0,0.093,Sell
1619311146.7574,49924.0,0.007,Sell
1619311147.8963,49918.5,0.001,Sell
1619311147.8963,49919.0,0.002,Sell
1619311147.8963,49920.0,0.315,Sell
1619311147.8963,49921.0,0.007,Sell
1619311147.9065,49909.5,0.069,Sell
1619311147.9065,49908.5,1.898,Sell
1619311147.9065,49910.5,0.045,Sell
1619311147.9065,49909.5,0.001,Sell
1619311147.9065,49910.0,0.001,Sell
1619311147.9065,49911.0,0.1,Sell
1619311147.9065,49914.0,0.119,Sell
1619311147.9065,49914.5,0.001,Sell
1619311147.9065,49909.5,0.001,Sell
1619311147.9065,49911.0,0.015,Sell
1619311147.9211,49918.0,0.039,Buy
1619311148.0899,49906.0,0.002,Sell
1619311148.0899,49906.0,0.002,Sell
1619311148.7282,49906.5,0.116,Buy
1619311150.2225,49906.5,0.545,Buy
1619311150.2225,49906.5,0.005,Buy
1619311150.3565,49906.0,0.096,Sell
1619311150.4959,49906.0,0.006,Sell
1619311150.7249,49906.0,0.126,Sell
1619311151.0074,49906.0,0.1,Sell
1619311152.1674,49906.5,0.365,Buy
1619311152.1674,49906.5,0.635,Buy
1619311153.4942,49906.0,0.012,Sell
1619311155.1157,49906.5,0.001,Buy
1619311155.1192,49912.0,0.001,Buy
1619311155.1192,49907.5,0.017,Buy
1619311155.4105,49926.5,0.075,Sell
1619311156.9147,49927.5,0.005,Buy
1619311159.6312,49934.0,0.092,Buy
1619311160.4771,49934.0,0.003,Buy
1619311160.4771,49934.0,0.1,Buy
1619311160.4771,49934.0,1.562,Buy
1619311161.1069,49933.5,0.004,Sell
1619311161.8905,49933.5,0.006,Sell
1619311161.8905,49933.5,0.015,Sell
1619311163.7943,49938.0,0.001,Buy
1619311163.7943,49934.0,0.017,Buy
1619311165.1213,49950.0,0.03,Buy
1619311165.1213,49950.0,0.049,Buy
1619311165.9891,49949.5,0.008,Sell
1619311169.388,49950.0,0.006,Buy
1619311170.3313,49949.5,0.009,Sell
1619311170.3313,49949.5,0.023,Sell
1619311176.1287,49925.0,0.407,Buy
1619311178.0642,49925.0,0.07,Buy
1619311178.0642,49925.0,0.017,Buy
1619311178.0642,49925.0,0.063,Buy
1619311178.1975,49935.0,0.006,Buy
1619311178.1998,49935.0,0.011,Buy
1619311181.1161,49949.0,0.052,Sell
1619311185.7186,49949.5,0.049,Buy
1619311188.1486,49949.5,0.045,Buy
1619311190.155,49949.0,0.042,Sell
1619311191.8387,49949.0,0.001,Sell
1619311191.8387,49949.0,0.001,Sell
1619311194.9702,49936.5,0.346,Buy
1619311197.1098,49936.0,0.021,Sell
1619311197.7507,49936.0,0.479,Sell
1619311197.7507,49936.0,0.033,Sell
1619311200.4183,49936.0,0.001,Sell
1619311208.0131,49924.0,0.001,Sell
1619311208.5078,49924.5,0.006,Buy
1619311213.8331,49924.0,0.001,Sell
1619311215.6371,49925.0,0.001,Buy
1619311216.7834,49930.0,0.26,Buy
1619311224.5355,49946.0,0.2,Sell
1619311228.4687,49946.5,0.008,Buy
1619311229.5142,49946.5,0.039,Buy
1619311231.0217,49946.0,0.08,Sell
1619311245.221,49946.5,0.017,Buy
1619311245.221,49946.5,0.023,Buy
1619311253.1718,49946.5,0.001,Buy
1619311259.8752,49946.5,0.005,Buy
1619311259.8752,49946.5,0.001,Buy
1619311259.8752,49946.5,0.194,Buy
1619311266.063,49946.5,0.007,Buy
1619311267.1156,49946.0,0.079,Sell
1619311269.2297,49946.0,0.025,Sell
1619311270.7925,49946.0,0.116,Sell
1619311270.7925,49946.0,3.378,Sell
1619311272.1045,49946.5,0.299,Buy
1619311272.1045,49946.5,0.108,Buy
1619311278.5187,49946.5,0.019,Buy
1619311280.6152,49946.5,0.013,Buy
1619311281.8345,49946.5,0.002,Buy
1619311283.749,49946.0,0.153,Sell
1619311284.9929,49946.0,0.396,Sell
1619311290.1485,49946.0,0.021,Sell
1619311296.4869,49946.0,0.011,Sell
1619311301.8576,49946.5,0.002,Buy
1619311303.6493,49949.0,3.017,Buy
1619311303.6493,49946.5,0.106,Buy
1619311303.6493,49946.5,0.059,Buy
1619311303.6493,49946.5,0.006,Buy
1619311303.6493,49946.5,0.001,Buy
1619311304.218,49950.0,0.428,Buy
1619311307.4737,49957.0,0.074,Sell
1619311307.8008,49957.5,0.01,Buy
1619311308.4625,49957.5,0.016,Buy
1619311309.5644,49957.0,0.015,Sell
1619311312.8239,49957.5,0.001,Buy
1619311320.1676,49957.5,0.525,Buy
1619311320.3879,49957.5,0.063,Sell
1619311323.0457,49958.0,0.216,Sell
1619311323.0457,49958.0,0.3,Sell
1619311323.5886,49958.5,0.56,Buy
1619311325.2827,49958.5,2.348,Buy
1619311325.2827,49958.5,0.839,Buy
1619311325.2864,49958.5,1.138,Buy
1619311325.2864,49958.5,2.052,Buy
1619311325.5418,49961.0,0.007,Buy
1619311325.6681,49967.0,0.001,Buy
1619311325.6783,49970.0,0.006,Sell
1619311325.6783,49966.5,0.344,Sell
1619311326.225,49982.5,0.245,Buy
1619311327.066,49987.0,0.001,Buy
1619311330.8536,49987.0,0.87,Buy
1619311332.4659,49987.0,0.008,Buy
1619311332.9715,49987.0,0.2,Buy
1619311335.5453,49987.0,0.001,Buy
1619311335.6138,49987.0,0.038,Buy
1619311336.3016,49996.0,0.619,Buy
1619311336.3016,49996.0,0.068,Buy
1619311336.3016,49987.0,0.25,Buy
1619311336.3016,49994.0,0.1,Buy
1619311336.3016,49988.0,0.001,Buy
1619311336.3016,49996.0,0.048,Buy
1619311337.0777,49998.0,0.001,Buy
1619311337.1573,49999.0,0.007,Buy
1619311337.1573,49999.0,0.01,Buy
1619311338.4972,50000.0,0.003,Buy
1619311338.4972,50000.0,0.012,Buy
1619311338.5758,50005.5,0.006,Buy
1619311338.5758,50006.0,0.002,Buy
1619311339.9682,50012.0,0.084,Buy
1619311341.3218,50012.0,0.05,Buy
1619311343.3775,50012.0,0.005,Buy
1619311345.589,50012.0,0.001,Buy
1619311346.9902,50012.0,0.064,Buy
1619311348.583,50012.0,0.05,Buy
1619311349.5221,50012.0,0.042,Buy
1619311350.9618,50011.5,0.07,Sell
1619311350.9618,50011.5,0.017,Sell
1619311350.9618,50011.5,0.017,Sell
1619311350.9618,50011.5,0.008,Sell
1619311350.9618,50011.5,0.001,Sell
1619311350.9618,50011.5,0.191,Sell
1619311359.3709,50011.0,0.07,Sell
1619311359.8896,50000.5,0.001,Buy
1619311361.1707,50000.5,0.15,Buy
1619311366.9159,50000.5,0.001,Buy
1619311368.3903,50000.0,0.06,Sell
1619311368.3903,50000.0,0.001,Sell
1619311368.3903,50000.0,0.175,Sell
1619311368.3922,50000.5,0.452,Buy
1619311369.3755,50000.5,0.067,Buy
1619311371.1173,50000.5,0.4,Buy
1619311372.3114,50000.0,0.012,Sell
1619311372.7343,50000.5,0.005,Buy
1619311372.7744,50000.5,0.001,Buy
1619311373.6491,50000.5,0.005,Buy
1619311374.2288,50000.5,0.005,Buy
1619311375.1931,50000.5,0.005,Buy
1619311375.4845,50000.5,0.039,Buy
1619311375.4845,50000.5,0.18,Buy
1619311375.4845,50000.5,0.065,Buy
1619311375.977,50000.5,0.005,Buy
1619311379.0691,50000.5,0.012,Buy
1619311379.4439,50000.5,0.013,Buy
1619311380.3216,50000.0,0.009,Sell
1619311380.7739,50000.5,0.001,Buy
1619311383.4565,50000.5,0.039,Buy
1619311383.4565,50000.5,0.011,Buy
1619311383.5049,50000.5,0.367,Buy
1619311383.5049,50000.5,0.033,Buy
1619311385.0927,50000.5,0.482,Buy
1619311388.744,50002.0,0.017,Buy
1619311388.744,50002.0,0.07,Buy
1619311388.744,50002.0,0.088,Buy
1619311388.9443,50001.5,0.01,Sell
1619311389.5117,50002.0,0.001,Buy
1619311396.0076,50002.0,0.05,Buy
1619311397.6992,50001.5,0.001,Sell
1619311397.6992,50000.0,0.003,Sell
1619311398.1678,49994.0,0.001,Buy
1619311398.8586,49994.0,0.003,Buy
1619311398.8586,49994.0,0.479,Buy
1619311399.8358,49993.5,0.003,Sell
1619311400.6086,49994.0,0.012,Buy
1619311403.9483,49993.5,0.027,Sell
1619311404.7892,49993.5,0.039,Sell
1619311405.156,49993.5,0.631,Sell
1619311405.2519,49982.0,0.004,Sell
1619311405.881,49965.5,0.001,Buy
1619311405.897,49965.0,0.5,Sell
1619311409.0517,49965.0,0.005,Sell
1619311409.4148,49965.0,0.29,Sell
1619311409.4148,49965.0,0.575,Sell
1619311411.3862,49965.0,0.027,Sell
1619311416.02,49965.0,0.183,Sell
1619311416.02,49965.0,0.017,Sell
1619311416.02,49965.0,1.577,Sell
1619311416.741,49965.0,0.01,Sell
1619311418.3302,49965.0,0.06,Sell
1619311427.7757,49962.0,1.0,Sell
1619311427.7757,49961.0,0.007,Sell
1619311428.7667,49957.5,0.008,Buy
1619311438.6929,49957.5,0.079,Buy
1619311439.3109,49957.0,0.061,Sell
1619311439.3109,49957.0,0.014,Sell
1619311442.3601,49957.0,0.049,Sell
1619311454.9174,49957.0,1.086,Sell
1619311455.1513,49957.0,0.005,Sell
1619311456.0091,49957.5,0.183,Buy
1619311456.0091,49957.5,0.001,Buy
1619311456.0091,49957.5,0.001,Buy
1619311460.4011,49957.0,0.3,Sell
1619311467.6738,49957.5,0.249,Buy
1619311467.6738,49957.5,0.001,Buy
1619311467.6738,49957.5,0.005,Buy
1619311469.398,49966.5,0.887,Sell
1619311469.4064,49983.0,3.185,Buy
1619311469.4064,49967.5,0.04,Buy
1619311469.4064,49978.5,0.069,Buy
1619311469.4064,49967.0,0.2,Buy
1619311469.6576,49983.0,0.02,Buy
1619311470.5612,49993.0,0.001,Buy
1619311470.635,49993.5,1.248,Sell
1619311470.635,49993.5,0.006,Sell
1619311484.2499,49994.0,0.001,Buy
1619311492.2087,49994.0,0.032,Buy
1619311501.6099,49994.0,0.017,Buy
1619311501.6099,49999.0,0.007,Buy
1619311501.6099,50000.0,0.005,Buy
1619311501.6099,49994.0,0.007,Buy
1619311502.6451,50000.0,0.051,Buy
1619311503.6228,50000.0,0.019,Buy
1619311503.6228,50000.0,0.005,Buy
1619311505.754,50003.0,0.079,Buy
1619311506.1459,50003.0,0.604,Buy
1619311506.5546,50005.5,0.001,Buy
1619311506.556,50005.5,0.006,Buy
1619311511.586,50008.0,0.079,Buy
1619311512.2243,50019.5,0.103,Sell
1619311512.7222,50020.0,0.002,Buy
1619311512.7222,50020.0,0.047,Buy
1619311512.8428,50031.0,0.391,Buy
1619311512.8428,50031.5,0.005,Buy
1619311512.8428,50035.0,0.005,Buy
1619311512.8428,50035.5,0.852,Buy
1619311512.8428,50031.0,0.001,Buy
1619311513.0366,50037.0,0.007,Buy
1619311513.5578,50041.0,0.02,Buy
1619311516.7948,50048.0,0.003,Buy
1619311517.1842,50050.0,0.003,Buy
1619311517.1842,50050.0,0.05,Buy
1619311517.1842,50050.0,0.489,Buy
1619311517.1875,50050.0,0.011,Buy
1619311517.1875,50050.0,0.005,Buy
1619311517.1875,50050.5,0.5,Buy
1619311519.2358,50059.0,0.011,Buy
1619311524.0723,50059.0,0.002,Buy
1619311524.3952,50059.0,0.031,Buy
1619311524.7929,50059.0,0.035,Buy
1619311524.8826,50059.0,0.02,Buy
1619311525.1843,50059.0,0.073,Buy
1619311526.8609,50059.0,0.09,Buy
1619311528.923,50059.0,1.001,Buy
1619311529.7053,50059.0,0.229,Buy
1619311529.8715,50059.0,0.07,Buy
1619311530.4636,50059.0,0.004,Buy
1619311531.7316,50059.0,0.018,Buy
1619311531.8356,50059.0,0.105,Buy
1619311541.2173,50059.0,0.025,Buy
1619311546.9611,50059.0,0.087,Buy
1619311546.9611,50059.5,0.039,Buy
1619311547.0142,50074.0,0.004,Buy
1619311547.0142,50075.0,0.007,Buy
1619311547.0142,50066.0,2.0,Buy
1619311547.0142,50067.0,0.02,Buy
1619311547.0142,50071.0,0.005,Buy
1619311547.0142,50062.0,0.3,Buy
1619311547.0253,50080.0,0.431,Buy
1619311547.0253,50079.5,0.1,Buy
1619311547.036,50083.5,0.105,Buy
1619311547.036,50080.0,0.2,Buy
1619311547.036,50080.5,0.1,Buy
1619311547.036,50082.0,0.1,Buy
1619311547.036,50083.5,0.281,Buy
1619311547.036,50083.5,1.319,Buy
1619311547.2777,50083.5,0.02,Buy
1619311547.2777,50084.0,0.005,Buy
1619311552.5931,50085.5,0.025,Buy
1619311552.656,50088.0,0.001,Buy
1619311552.6645,50101.0,2.586,Buy
1619311552.6645,50100.0,0.04,Buy
1619311552.6645,50088.5,0.045,Buy
1619311552.6645,50100.0,0.002,Buy
1619311552.6645,50100.0,0.003,Buy
1619311552.6645,50100.0,0.05,Buy
1619311552.6645,50100.0,0.002,Buy
1619311552.6645,50095.0,0.001,Buy
1619311552.6645,50090.0,0.008,Buy
1619311552.6645,50099.5,0.013,Buy
1619311552.6743,50094.5,0.012,Sell
1619311552.6743,50088.0,0.005,Sell
1619311552.6743,50088.0,0.001,Sell
1619311552.6743,50088.0,0.379,Sell
1619311552.6749,50101.0,0.3,Buy
1619311552.6749,50100.0,0.01,Sell
1619311555.2559,50101.0,0.017,Buy
1619311556.1928,50101.0,0.5,Buy
1619311559.4727,50101.0,0.022,Buy
1619311559.4727,50101.0,0.028,Buy
1619311559.8203,50101.0,0.004,Buy
1619311568.1145,50101.0,0.094,Buy
1619311568.1145,50101.0,0.065,Buy
1619311568.1145,50101.0,0.064,Buy
1619311568.1145,50101.0,0.06,Buy
1619311568.1954,50101.0,0.006,Buy
1619311568.417,50101.5,0.005,Buy
1619311568.5969,50107.0,0.002,Buy
1619311568.672,50109.0,0.05,Buy
1619311568.7594,50113.0,0.007,Buy
1619311568.7594,50116.0,0.001,Buy
1619311568.7594,50120.0,0.002,Buy
1619311569.1955,50126.5,0.005,Buy
1619311569.2039,50134.5,0.2,Buy
1619311569.5952,50140.0,0.01,Buy
1619311569.5956,50140.0,0.015,Buy
1619311569.7155,50141.5,0.002,Buy
1619311569.9772,50145.0,0.001,Buy
1619311569.9772,50144.5,0.001,Buy
1619311569.9772,50144.0,0.001,Buy
1619311573.3252,50146.0,0.063,Buy
1619311574.7643,50146.0,0.002,Buy
1619311575.9975,50146.0,0.045,Buy
1619311575.9975,50146.0,0.069,Buy
1619311576.4849,50146.0,1.256,Buy
1619311577.9365,50146.0,0.097,Buy
1619311580.0913,50146.0,0.826,Buy
1619311580.0913,50146.0,0.1,Buy
1619311580.0913,50146.0,4.9,Buy
1619311580.0913,50146.0,0.1,Buy
1619311580.0913,50146.0,5.241,Buy
1619311580.0913,50146.0,2.25,Buy
1619311580.0913,50146.0,0.08,Buy
1619311580.0913,50146.0,1.2,Buy
1619311580.0913,50146.0,0.1,Buy
1619311580.0913,50146.0,0.1,Buy
1619311580.0913,50146.0,0.1,Buy
1619311580.0913,50146.0,2.903,Buy
1619311580.0913,50146.0,0.1,Buy
1619311580.1375,50147.5,0.001,Buy
1619311580.5506,50147.5,0.677,Sell
1619311580.5506,50147.5,0.006,Sell
1619311580.5673,50148.0,0.003,Buy
1619311580.5784,50152.5,0.46,Buy
1619311580.5784,50151.0,0.007,Buy
1619311580.5784,50150.0,0.05,Buy
1619311580.5784,50150.0,0.005,Buy
1619311580.5784,50149.0,0.005,Buy
1619311580.5784,50148.0,0.02,Buy
1619311580.5784,50152.0,0.001,Buy
1619311580.5784,50150.0,0.003,Buy
1619311580.5784,50148.0,0.051,Buy
1619311580.5876,50152.0,0.012,Sell
1619311580.5876,50151.0,0.012,Sell
1619311580.5876,50147.5,0.007,Sell
1619311580.5876,50150.5,0.012,Sell
1619311580.5876,50150.5,0.012,Sell
1619311580.5876,50151.0,0.012,Sell
1619311580.8978,50152.5,0.02,Buy
1619311582.3345,50153.0,0.001,Buy
1619311582.5766,50156.5,0.001,Buy
1619311585.5712,50164.0,0.5,Buy
1619311585.581,50164.0,0.012,Buy
1619311585.7301,50164.0,0.05,Buy
1619311588.2253,50169.5,0.031,Buy
1619311590.403,50169.5,0.008,Buy
1619311593.2595,50169.0,0.683,Sell
1619311594.2927,50169.0,0.5,Sell
1619311595.4098,50169.0,0.029,Sell
1619311598.6876,50169.0,0.001,Sell
1619311599.0234,50169.5,0.032,Buy
1619311599.0234,50169.5,0.024,Buy
1619311599.2107,50169.0,3.0,Sell
1619311599.2761,50169.0,0.001,Sell
1619311599.2942,50163.5,0.017,Sell
1619311600.067,50162.0,2.4,Sell
1619311600.1469,50162.5,0.006,Buy
1619311600.1469,50162.5,0.146,Buy
1619311601.3896,50162.0,0.031,Sell
1619311601.4462,50162.0,2.077,Sell
1619311601.4952,50162.0,0.001,Sell
1619311601.7616,50144.5,0.124,Buy
1619311602.9797,50135.5,0.189,Sell
1619311602.9797,50133.5,0.677,Sell
1619311603.1681,50125.5,0.02,Buy
1619311603.3148,50125.0,0.07,Sell
1619311605.7597,50125.5,0.039,Buy
1619311612.1162,50125.5,0.036,Buy
1619311612.1162,50125.5,0.019,Buy
1619311620.4998,50154.5,0.001,Buy
1619311620.8123,50154.0,0.64,Sell
1619311620.8123,50154.0,0.361,Sell
1619311622.3566,50154.5,0.007,Buy
1619311624.4166,50161.5,0.001,Buy
1619311624.5201,50161.5,0.049,Buy
1619311624.643,50161.5,0.085,Buy
1619311630.8555,50161.5,0.059,Buy
1619311631.6349,50161.5,0.001,Buy
1619311632.3686,50161.5,0.125,Buy
1619311632.4861,50161.0,0.001,Sell
1619311634.8351,50155.0,0.001,Sell
1619311635.2277,50154.0,0.001,Sell
1619311635.2277,50154.0,0.033,Sell
1619311635.3488,50154.5,0.006,Buy
1619311635.3488,50154.5,0.094,Buy
1619311635.8321,50154.0,0.568,Sell
1619311638.4892,50136.5,0.001,Buy
1619311639.2108,50136.0,0.081,Sell
1619311645.4769,50129.0,0.017,Sell
1619311647.0127,50129.0,0.033,Sell
1619311647.0127,50129.0,0.006,Sell
1619311647.9148,50116.5,0.15,Buy
1619311648.1704,50116.0,0.001,Sell
1619311648.1704,50116.0,0.099,Sell
1619311651.5825,50116.0,0.017,Sell
1619311654.3812,50116.0,0.01,Sell
1619311654.3812,50116.0,0.028,Sell
1619311654.5165,50113.0,0.007,Sell
1619311655.9932,50104.0,0.071,Sell
1619311666.6897,50104.0,0.078,Sell
1619311669.7871,50104.0,0.832,Sell
1619311669.7871,50104.0,2.668,Sell
1619311675.4242,50104.0,0.125,Sell
1619311676.9157,50104.5,0.001,Buy
1619311676.9157,50104.5,0.004,Buy
1619311676.9157,50104.5,0.041,Buy
1619311677.4559,50122.0,0.01,Buy
1619311677.4561,50122.5,0.015,Buy
1619311677.458,50121.5,0.01,Sell
1619311680.3581,50126.0,0.026,Sell
1619311682.8598,50126.5,1.027,Buy
1619311689.1057,50118.5,0.03,Buy
1619311697.2862,50111.5,0.196,Sell
1619311697.2862,50111.5,0.007,Sell
1619311697.2862,50101.0,0.001,Sell
1619311697.2862,50098.5,0.048,Sell
1619311697.2862,50091.5,0.1,Sell
1619311697.2862,50091.5,0.1,Sell
1619311697.2862,50091.0,0.575,Sell
1619311703.6096,50093.0,0.846,Sell
1619311706.5535,50093.5,0.042,Buy
1619311706.5535,50093.5,0.048,Buy
1619311710.935,50093.0,0.1,Sell
1619311717.7603,50093.0,1.3,Sell
1619311717.819,50090.0,0.01,Sell
1619311717.819,50088.0,0.001,Sell
1619311723.024,50083.5,0.001,Buy
1619311726.608,50070.0,0.003,Sell
1619311726.608,50070.0,0.069,Sell
1619311726.608,50070.5,0.045,Sell
1619311726.608,50067.0,0.877,Sell
1619311726.608,50076.0,0.477,Sell
1619311726.608,50081.0,0.005,Sell
1619311726.608,50083.0,0.5,Sell
1619311726.608,50075.0,0.007,Sell
1619311727.4342,50067.0,0.011,Sell
1619311731.116,50060.0,0.001,Sell
1619311731.583,50059.5,0.055,Sell
1619311735.5981,50059.5,1.256,Sell
1619311735.967,50059.5,0.014,Sell
1619311737.372,50060.0,0.005,Buy
1619311737.372,50060.0,0.001,Buy
1619311737.372,50060.0,0.017,Buy
1619311748.8444,50057.5,0.238,Sell
1619311751.2203,50057.5,0.3,Sell
1619311753.4999,50057.5,0.148,Sell
1619311753.625,50057.5,0.5,Sell
1619311759.1782,50057.5,0.5,Sell
1619311761.3434,50058.0,0.071,Buy
1619311765.6068,50057.5,0.04,Sell
1619311765.6068,50057.5,0.02,Sell
1619311766.5922,50058.0,0.041,Buy
1619311773.0326,50057.5,0.106,Sell
1619311773.0326,50057.5,0.019,Sell
1619311775.3105,50057.5,0.118,Sell
1619311775.3752,50057.0,0.017,Sell
1619311775.3752,50050.0,0.003,Sell
1619311775.394,50044.0,0.093,Sell
1619311775.394,50045.0,0.1,Sell
1619311775.394,50048.5,0.065,Sell
1619311775.394,50049.0,0.049,Sell
1619311775.394,50046.5,0.1,Sell
1619311783.6862,50043.5,0.012,Sell
1619311786.5487,50043.5,0.088,Sell
1619311786.5487,50043.5,0.212,Sell
1619311806.4863,50039.5,0.05,Sell
1619311806.4863,50039.5,0.019,Sell
1619311806.6903,50037.0,0.007,Sell
1619311806.6903,50037.0,0.5,Sell
1619311807.4843,50032.0,0.008,Sell
1619311807.5836,50032.0,0.031,Sell
1619311807.5836,50021.5,0.02,Sell
1619311807.7157,50020.0,0.002,Sell
1619311810.3519,50014.0,0.575,Sell
1619311812.2611,50014.0,0.346,Sell
1619311812.2611,50014.0,0.054,Sell
1619311813.4122,50006.5,0.3,Sell
1619311813.617,50006.0,0.002,Sell
1619311813.6207,50005.5,0.1,Sell
1619311813.6207,50005.0,0.028,Sell
1619311813.6207,50001.5,0.007,Sell
1619311815.295,50000.5,0.26,Buy
1619311816.4128,49999.0,0.228,Sell
1619311816.4128,49999.0,0.007,Sell
1619311816.4128,50000.0,0.05,Sell
1619311816.4128,50000.0,0.15,Sell
1619311816.4128,50000.0,0.002,Sell
1619311816.4128,50000.0,0.002,Sell
1619311816.4128,50000.0,0.003,Sell
1619311816.4128,50000.0,0.04,Sell
1619311816.4205,49999.0,2.813,Sell
1619311816.908,49999.5,0.012,Buy
1619311816.908,49999.5,0.012,Buy
1619311816.908,49999.5,0.037,Buy
1619311818.2655,49999.0,0.059,Sell
1619311825.024,49999.0,0.02,Sell
1619311827.2843,49999.5,0.079,Buy
1619311836.0244,49999.5,0.38,Buy
1619311839.7355,49992.5,0.023,Sell
1619311840.4157,49992.5,0.023,Sell
1619311841.0953,49992.5,0.013,Sell
1619311843.3372,49987.0,0.003,Sell
1619311844.2162,49977.0,0.19,Sell
1619311844.3113,49977.0,0.042,Sell
1619311844.3214,49977.0,0.068,Sell
1619311844.3372,49977.0,0.005,Sell
1619311844.3406,49977.0,0.005,Sell
1619311844.3599,49977.0,0.025,Sell
1619311844.3767,49977.0,0.01,Sell
1619311844.3883,49977.0,0.02,Sell
1619311846.6958,49967.0,0.482,Sell
1619311848.0437,49961.0,2.153,Sell
1619311848.0437,49961.0,0.007,Sell
1619311853.3886,49956.5,0.044,Sell
1619311853.407,49956.5,0.036,Sell
1619311853.8487,49956.5,0.017,Sell
1619311856.1173,49956.5,0.06,Sell
1619311857.0594,49957.0,0.568,Buy
1619311862.6113,49957.0,0.4,Buy
1619311863.6344,49956.5,0.014,Sell
1619311864.3059,49957.0,0.03,Buy
1619311864.4826,49985.5,0.066,Buy
1619311865.7811,49985.0,0.581,Sell
1619311866.9941,49985.5,0.078,Buy
1619311868.2573,49985.0,0.012,Sell
1619311871.0992,49957.5,0.664,Buy
1619311871.0992,49957.5,5.12,Buy
1619311872.4572,49957.5,0.015,Buy
1619311873.0512,49957.0,0.97,Sell
1619311873.0512,49956.5,1.543,Sell
1619311873.0512,49956.5,0.676,Sell
1619311873.0517,49956.5,3.194,Sell
1619311873.1183,49956.0,0.001,Sell
1619311874.1051,49950.0,0.04,Sell
